2450 4146
961 241 1326 295 -29—

40 440 43 443 ,
82 395 230 448 ’θεῶν
275 394 451 466 ἀέκητι
502 392 745 444 ἀνάκτων
798 389 1140 460 eandemque
1192 405 1386 443 vocem
1437 390 1569 449 ἄναξ
1620 387 1849 456 singulis
1903 386 2019 441 deis
2059 386 2207 458 apud

81 471 383 528 Homerum
422 472 630 543 passim
672 471 1013 525 attributam.

258 553 413 622 frgm.
452 551 596 620 41,1
640 554 847 621 ἀήτα.
879 593 927 606 ..
968 554 1253 620 ἀνέμων.
1330 549 1491 620 Apud
1533 549 1714 620 epicos
1754 550 2042 620 utriusque
2083 549 2211 603 sub-

83 634 319 690 stantivi
359 635 460 688 aut
487 632 781 702 singularis
808 650 1070 687 numerus
1097 632 1336 702 ponitur,
1379 630 1470 684 cfr.
1506 631 1553 684 O
1579 631 1685 685 626
1714 634 1928 700 ἀνέμοιο
1957 631 2013 684 δὲ
2041 631 2213 690 δεινὸς

83 719 232 786 ἀήτη,
267 717 368 770 aut
392 713 638 785 pluraIiS,
670 714 758 768 cfr.
783 715 832 766 Ξ
846 713 956 767 254
982 714 1254 782 ἀργαλέων
1281 714 1495 781 ἀνέμων
1523 754 1532 765 .
1556 754 1566 765 .
1595 714 1754 781 ἀήτας
1791 711 1919 766 Hes,
1943 710 2076 782 Opp.
2097 711 2203 765 621

82 799 348 852 παντοίων
390 798 604 865 ἀνέμων
644 839 694 850 ..
736 797 900 864 ἀῆται,
942 793 1138 848 deinde
1178 792 1517 861 singulorum
1555 795 1852 846 ventorum
1889 793 2209 846 nominibus

38 937 42 940 ,
84 877 290 933 additis
329 879 360 931 δ
401 877 508 932 567
551 878 802 946 ζεφύροιο
843 920 853 931 .
883 920 893 930 .
934 877 1095 944 ἀήτας
1151 874 1280 928 Hes.
1316 873 1448 945 Opp.
1489 874 1595 929 675
1634 875 1834 927 Νότοιο
1875 916 1885 927 .
1926 916 1936 928 .
1978 915 1988 927 .
2029 876 2205 943 ἀήτας,

27 953 29 956 ⁴
83 976 320 1031 quocum
359 958 609 1012 conferas
637 956 949 1028 Bacchylid.
975 955 1117 1022 XVI,
1138 956 1206 1010 91
1247 957 1441 1025 βορεὰς
1482 998 1491 1009 .
1537 997 1547 1009 .
1588 998 1598 1009 .
1639 957 1784 1024 ἀήτα.
1843 956 2002 1024 Ἀήτη
2042 972 2207 1008 usur-

82 1043 249 1112 patur
272 1041 560 1110 praeterea
598 1061 614 1091 ι
639 1039 742 1093 139
781 1038 910 1092 Hes.
934 1036 1065 1108 Opp.
1088 1036 1212 1106 645,
1236 1037 1441 1108 ubique
1471 1037 1536 1090 de
1564 1036 1722 1090 venti
1746 1036 1905 1090 flatu.
1970 1035 2207 1089 Paulum

83 1121 154 1176 ab
194 1122 281 1175 his
321 1121 502 1175 differt
528 1121 819 1174 Anacreon
858 1120 918 1174 fr.
946 1120 1033 1187 25,
1056 1119 1091 1172 2
1129 1120 1405 1188 πτερύγων
1445 1120 1623 1187 ἀήταις
1661 1117 2029 1171 translatione
2069 1135 2209 1171 usus

81 1202 235 1257 haud
271 1201 507 1272 illepida.

257 1282 416 1350 frgm.
463 1282 607 1350 58,ss
665 1285 777 1351 ἵκῃ
816 1285 866 1334 τ’
907 1284 972 1340 ἒς
1011 1283 1221 1350 ἄκρον
1268 1281 1614 1349 ἀνδρείας.
1692 1278 1853 1349 Apud
1906 1278 2206 1332 Homerum

80 1364 283 1433 legitur
319 1365 534 1435 proprio
575 1381 745 1417 sensu
793 1364 851 1415 Ψ
879 1362 985 1416 339
1038 1364 1116 1420 ὥς
1154 1364 1218 1415 ἄν
1255 1383 1332 1414 τοι
1379 1363 1590 1430 πλήμνη
1632 1382 1688 1429 γε
1728 1362 2001 1414 δοάσσεται
2039 1362 2211 1429 ἄκρον

83 1448 289 1500 ἱκέσθαι
326 1447 526 1499 κύκλου
565 1451 799 1514 ποιητοῖο
858 1466 874 1497 ι
900 1443 1009 1498 483
1026 1471 1071 1486 =
1091 1443 1199 1496 540
1238 1444 1481 1512 ἐδεύησεν
1522 1444 1744 1511 δὀἷήιον
1783 1444 1949 1510 ἄκρον
1988 1443 2207 1507 ἱκέσθαι,

80 1527 216 1581 item
266 1526 397 1580 Hes.
438 1526 570 1597 Opp0
605 1525 712 1579 291
766 1527 897 1595 ἐπὴν
949 1527 1062 1584 δ’ἕς
1113 1527 1280 1594 ἄκρον
1331 1527 1499 1593 ἵκηται
1550 1523 1643 1594 (sc.
1684 1522 1876 1592 οἶμος),
1931 1522 2214 1576 translata.

80 1609 309 1662 notione
350 1609 494 1661 sicut
545 1607 693 1678 apud
732 1606 1071 1660 Simonidem
1110 1607 1345 1676 primum
1383 1605 1668 1659 invenitur
1704 1605 1762 1657 in
1803 1604 2073 1672 elegiaciS,
2117 1603 2206 1657 cfr.

82 1689 232 1762 Tyrt.
278 1690 432 1757 frgm.
469 1690 555 1757 12,
577 1687 649 1741 43
706 1690 895 1757 ταύτης
944 1694 1039 1741 νῦν
1094 1709 1167 1746 τις
1224 1688 1358 1756 ἀνὴρ
1417 1689 1603 1755 ἀρετῆς
1660 1688 1732 1744 εἷς
1783 1688 1950 1754 ἄκρον
2002 1687 2212 1738 ἱκέσθαι

81 1773 359 1839 πειράσθω
391 1773 573 1839 θυμῷ,
613 1769 722 1824 vid.
751 1768 947 1823 deinde
974 1767 1282 1839 Empedocl.
1309 1767 1359 1835 4,
1380 1768 1416 1820 8
1455 1770 1643 1836 σοφίης
1682 1769 1760 1819 ἐπ’
1809 1769 2015 1836 ἄκροισι
2052 1764 2209 1819 Pind.

80 1851 235 1906 Nem.
263 1851 354 1922 VI,
378 1851 448 1904 23
487 1852 623 1919 πρὸς
649 1853 815 1919 ἄκρον
843 1853 1028 1918 ἀρετᾶς
1065 1850 1232 1918 ἦλθον
1273 1849 1463 1902 Isthm.
1490 1848 1577 1917 ΙΠ,
1601 1848 1672 1901 50
1710 1849 1832 1916 πρὶν
1869 1849 2012 1905 τέλος
2041 1849 2212 1915 ἄκρον

81 1935 298 1987 ἱκέσθαι
338 1931 595 2004 Aeschyl.
622 1931 685 1985 fr.
715 1932 821 1985 352
861 1933 1029 1984 πόνου
1070 1932 1170 1999 γὰρ
1210 1933 1378 1999 ἄκρον
1410 1973 1420 1984 .
1450 1971 1460 1982 .
1512 1932 1650 1996 trag.
1690 1929 1875 1999 adesp.
1903 1927 1966 1982 fr.
1989 1927 2111 1997 547,
2135 1925 2206 2000 [5]

83 2017 341 2083 ἐπ’ἄκρον
378 2020 470 2067 τοῦ
510 2015 688 2071 καλῶς
725 2015 962 2082 πράττειν
1002 2011 1145 2065 alibi.

259 2094 417 2163 frgm.
446 2093 516 2148 63
557 2097 845 2163 ἔσχατον
903 2095 1135 2146 δύεται
1185 2093 1354 2145 κατὰ
1409 2097 1528 2159 γᾶς
1565 2091 1596 2144 i.
1625 2108 1668 2144 6.
1702 2089 2020 2158 „moritur“;
2060 2088 2209 2160 quod

85 2193 156 2230 ex
194 2176 347 2247 epico
389 2192 640 2230 sermone
682 2177 768 2228 est
807 2174 1204 2244 depromptum,
1247 2172 1337 2226 cfr.
1376 2172 1534 2226 Hom.
1559 2171 1742 2224 [⁷322
1782 2173 1833 2223 Ζ
1860 2170 1925 2224 19
1967 2170 2033 2224 al.

259 2257 412 2326 frgm.
441 2256 511 2310 65
553 2258 582 2309 ὁ
623 2256 763 2309 δἀὗ
802 2258 1110 2313 θάνατος
1160 2256 1304 2322 κίχε
1350 2256 1467 2306 κτέ.
1544 2253 1627 2306 En
1666 2252 1867 2306 similia
1906 2251 2053 2322 apud
2091 2252 2208 2304 Ho-

83 2355 296 2392 merum
315 2339 368 2391 P
377 2337 486 2393 478
503 2380 513 2391 .
530 2338 638 2392 672
665 2338 727 2390 X
733 2336 842 2390 436
871 2343 963 2390 νῦν
983 2336 1049 2389 αὖ
1070 2338 1300 2394 θάνατος
1325 2336 1413 2388 καὶ
1431 2340 1593 2403 μοῖρα
1620 2335 1819 2402 κιχάνει
1859 2334 1891 2385 I
1907 2333 2016 2386 416
2029 2336 2207 2402 μ’ῶκα

83 2421 228 2478 τέλος
267 2421 519 2473 θανάτοιο
557 2421 738 2488 κιχείη,
789 2435 970 2488 neque
1011 2416 1170 2470 aliter
1206 2418 1505 2486 usurpatur
1551 2416 1774 2483 ὄλεθρος
1826 2414 1957 2483 alia3
2011 2413 2208 2467 deinde

85 2499 191 2554 vid.
229 2499 416 2555 Mimn.
456 2500 506 2569 6,
529 2502 563 2552 2
641 2499 824 2553 Solon.
865 2499 952 2566 20,
974 2498 1012 2551 4
1047 2503 1210 2566 μοῖρα
1248 2499 1385 2566 κίχοι
1421 2498 1656 2550 ’θανάτου
1698 2495 1844 2550 alibi.

260 2580 417 2649 frgm.
464 2581 552 2648 75,
583 2582 617 2634 2
684 2582 912 2649 δῶρον
976 2580 1300 2648 ἀμπέλου.
1432 2577 1830 2647 Comparentur
1900 2576 2004 2630 loci
2068 2575 2205 2645 epici

85 2662 243 2717 Hom.
281 2662 338 2714 Γ
357 2661 459 2715 54.
481 2661 553 2715 64
590 2661 642 2716 11.
664 2660 776 2715 Cer.
804 2661 908 2714 102
948 2659 1014 2713 al.

743 2881 795 2934 3.
836 2880 907 2934 de
945 2879 1244 2934 vocabulis
1283 2880 1561 2946 singulis,

264 2985 527 3038 Extrema
563 2983 729 3037 huius
758 2981 1158 3036 dissertationis
1196 2985 1354 3054 parte
1395 2982 1460 3035 de
1497 2980 1726 3048 singulis
1753 2979 1936 3032 verbis
1965 2976 2202 3030 Simoni-

89 3065 205 3120 deis
245 3066 358 3119 iam
398 3065 711 3118 accuratius
753 3065 855 3117 erit
893 3063 1280 3134 quaerendum.
1358 3063 1652 3118 Geminum
1691 3062 1882 3113 autem
1922 3075 2042 3111 esse
2083 3058 2205 3111 eius

87 3147 236 3201 modi
288 3145 630 3236 quaestionis
687 3145 927 3198 fructum
980 3145 1374 3199 existimamus,
1452 3143 1672 3195 Etenim
1725 3157 1849 3192 cum
1907 3139 1978 3191 ad
2028 3138 2201 3208 ipsius

92 3226 388 3282 Simonidis
415 3227 607 3296 poesin
634 3226 829 3279 melius
855 3225 1258 3297 percipiendam
1285 3224 1631 3294 aliquantum
1656 3221 1809 3273 valet
1833 3221 1954 3272 tum
1981 3219 2205 3275 omnino

90 3308 162 3363 ad
201 3307 469 3362 Graecam
506 3305 770 3374 linguam,
826 3305 1002 3376 qualis
1040 3309 1161 3360 tum
1198 3305 1383 3371 fuerit,
1425 3300 1885 3373 quemadmodum
1923 3317 2020 3370 per
2056 3301 2199 3353 tem-

88 3406 224 3459 pora
251 3387 571 3454 adoleverit,
613 3403 885 3457 quasnam
910 3389 1246 3442 mutationes
1272 3384 1470 3452 inierit,
1513 3381 1949 3449 cognoscendam
1976 3379 2203 3435 confert.

268 3468 535 3522 Nimirum
585 3466 690 3520 hoc
740 3484 955 3538 quoque
991 3469 1050 3522 in
1098 3466 1374 3539 proposito
1421 3461 1790 3531 incipiendum
1830 3462 1931 3514 erit
1970 3461 2054 3515 ab
2094 3462 2203 3515 eis

89 3549 494 3617 vocabuliS,
555 3565 736 3618 quae
774 3547 910 3602 iam
959 3548 1029 3602 in
1080 3548 1308 3620 epicis
1349 3542 1790 3598 carminibus
1829 3541 2195 3612 leguntur,

90 3629 492 3702 percensendiS.

268 3712 453 3782 Atque
506 3728 573 3765 ea
626 3707 846 3779 quidem
884 3712 1090 3780 omnia,
1144 3727 1286 3780 quae
1326 3705 1473 3776 apud
1510 3705 1810 3758 Homerum
1846 3703 2082 3774 primum
2117 3703 2226 3758 le-.

93 3794 321 3861 guntur,
379 3792 437 3846 in
486 3791 665 3845 indice
718 3789 1118 3846 dissertationis
1169 3791 1228 3843 in
1279 3787 1424 3842 calce
1475 3785 1687 3840 adiecto
1740 3785 1991 3839 invenies
2043 3786 2198 3854 signo
