<?xml version="1.0" encoding="UTF-8"?>
<!DOCTYPE html PUBLIC "-//W3C//DTD XHTML 1.0 Transitional//EN"
    "http://www.w3.org/TR/xhtml1/DTD/xhtml1-transitional.dtd">
<html xmlns="http://www.w3.org/1999/xhtml" xml:lang="en" lang="en">
 <head>
  <title>
</title>
<meta http-equiv="Content-Type" content="text/html;charset=utf-8" />
  <meta name='ocr-system' content='tesseract 3.04.00' />
  <meta name='ocr-capabilities' content='ocr_page ocr_carea ocr_par ocr_line ocrx_word'/>
</head>
<body>
  <div class='ocr_page' id='page_1' title='image "./desimonidisceime00schruoft_0007.png"; bbox 0 0 2450 4146; ppageno 0'>
   <div class='ocr_carea' id='block_1_1' title="bbox 86 1078 2222 2627">
    <p class='ocr_par' dir='ltr' id='par_1_1' title="bbox 88 1078 2222 1516">
     <span class='ocr_line' id='line_1_1' title="bbox 276 1078 2222 1188; baseline 0.001 -19"><span class='ocrx_word' id='word_1_1' title='bbox 276 1078 677 1170; x_wconf 78' lang='lat' dir='ltr'><strong>Resurrexere</strong></span> <span class='ocrx_word' id='word_1_2' title='bbox 691 1114 1037 1188; x_wconf 89' lang='lat' dir='ltr'><strong>Bacchylidis</strong></span> <span class='ocrx_word' id='word_1_3' title='bbox 1059 1114 1322 1170; x_wconf 90' lang='lat' dir='ltr'><strong>carmina:</strong></span> <span class='ocrx_word' id='word_1_4' title='bbox 1345 1115 1561 1170; x_wconf 85' lang='lat' dir='ltr'><strong>utinam</strong></span> <span class='ocrx_word' id='word_1_5' title='bbox 1581 1118 1812 1186; x_wconf 81' lang='grc' dir='ltr'><em>δασπλὴς</em></span> <span class='ocrx_word' id='word_1_6' title='bbox 1829 1116 1926 1171; x_wconf 90' lang='lat' dir='ltr'><strong>illa</strong></span> <span class='ocrx_word' id='word_1_7' title='bbox 1943 1118 2222 1187; x_wconf 76' lang='grc' dir='ltr'><em>Χάρυβδις</em></span> 
     </span>
     <span class='ocr_line' id='line_1_2' title="bbox 88 1225 2219 1299; baseline 0.001 -18"><span class='ocrx_word' id='word_1_8' title='bbox 88 1225 292 1281; x_wconf 87' lang='lat' dir='ltr'><strong>reddat</strong></span> <span class='ocrx_word' id='word_1_9' title='bbox 344 1227 515 1281; x_wconf 90' lang='lat' dir='ltr'><strong>etiam</strong></span> <span class='ocrx_word' id='word_1_10' title='bbox 568 1226 829 1280; x_wconf 89' lang='lat' dir='ltr'><strong>avunculi</strong></span> <span class='ocrx_word' id='word_1_11' title='bbox 880 1225 1121 1280; x_wconf 90' lang='lat' dir='ltr'><strong>clarioris</strong></span> <span class='ocrx_word' id='word_1_12' title='bbox 1172 1228 1358 1298; x_wconf 86' lang='lat' dir='ltr'><strong>atque,</strong></span> <span class='ocrx_word' id='word_1_13' title='bbox 1417 1228 1689 1298; x_wconf 89' lang='lat' dir='ltr'><strong>quantum</strong></span> <span class='ocrx_word' id='word_1_14' title='bbox 1741 1245 1811 1282; x_wconf 89' lang='lat' dir='ltr'><strong>ex</strong></span> <span class='ocrx_word' id='word_1_15' title='bbox 1864 1228 2219 1299; x_wconf 90' lang='lat' dir='ltr'><strong>antiquorum</strong></span> 
     </span>
     <span class='ocr_line' id='line_1_3' title="bbox 92 1335 2216 1409; baseline 0.001 -18"><span class='ocrx_word' id='word_1_16' title='bbox 92 1336 430 1392; x_wconf 80' lang='lat' dir='ltr'><strong>testimoniis</strong></span> <span class='ocrx_word' id='word_1_17' title='bbox 471 1339 525 1391; x_wconf 83' lang='lat' dir='ltr'><strong>et</strong></span> <span class='ocrx_word' id='word_1_18' title='bbox 568 1354 637 1391; x_wconf 88' lang='lat' dir='ltr'><strong>ex</strong></span> <span class='ocrx_word' id='word_1_19' title='bbox 674 1336 846 1408; x_wconf 90' lang='lat' dir='ltr'><strong>ipsius</strong></span> <span class='ocrx_word' id='word_1_20' title='bbox 883 1335 1206 1406; x_wconf 77' lang='lat' dir='ltr'><strong>fragmentis</strong></span> <span class='ocrx_word' id='word_1_21' title='bbox 1247 1337 1486 1392; x_wconf 90' lang='lat' dir='ltr'><strong>servatis</strong></span> <span class='ocrx_word' id='word_1_22' title='bbox 1526 1338 1923 1409; x_wconf 85' lang='lat' dir='ltr'><strong>cognoscimuS,</strong></span> <span class='ocrx_word' id='word_1_23' title='bbox 1966 1339 2216 1394; x_wconf 89' lang='lat' dir='ltr'><strong>venusti-</strong></span> 
     </span>
     <span class='ocr_line' id='line_1_4' title="bbox 95 1447 932 1516; baseline -0.001 -14"><span class='ocrx_word' id='word_1_24' title='bbox 95 1448 207 1502; x_wconf 87' lang='lat' dir='ltr'><strong>oris</strong></span> <span class='ocrx_word' id='word_1_25' title='bbox 247 1447 521 1502; x_wconf 85' lang='lat' dir='ltr'><strong>suavioris</strong></span> <span class='ocrx_word' id='word_1_26' title='bbox 562 1447 932 1516; x_wconf 77' lang='lat' dir='ltr'><strong>elegantioris!</strong></span> 
     </span>
    </p>

    <p class='ocr_par' dir='ltr' id='par_1_2' title="bbox 86 1557 2219 2627">
     <span class='ocr_line' id='line_1_5' title="bbox 272 1557 2219 1629; baseline 0.001 -17"><span class='ocrx_word' id='word_1_27' title='bbox 272 1558 380 1613; x_wconf 87' lang='lat' dir='ltr'><strong>Sed</strong></span> <span class='ocrx_word' id='word_1_28' title='bbox 426 1558 689 1629; x_wconf 89' lang='lat' dir='ltr'><strong>quoniam</strong></span> <span class='ocrx_word' id='word_1_29' title='bbox 713 1557 941 1613; x_wconf 77' lang='lat' dir='ltr'><strong>fortuna</strong></span> <span class='ocrx_word' id='word_1_30' title='bbox 964 1557 1207 1628; x_wconf 86' lang='lat' dir='ltr'><strong>maligna</strong></span> <span class='ocrx_word' id='word_1_31' title='bbox 1231 1559 1391 1614; x_wconf 90' lang='lat' dir='ltr'><strong>nobis</strong></span> <span class='ocrx_word' id='word_1_32' title='bbox 1418 1558 1555 1614; x_wconf 89' lang='lat' dir='ltr'><strong>nihil</strong></span> <span class='ocrx_word' id='word_1_33' title='bbox 1580 1559 1689 1613; x_wconf 89' lang='lat' dir='ltr'><strong>nisi</strong></span> <span class='ocrx_word' id='word_1_34' title='bbox 1715 1559 1945 1615; x_wconf 86' lang='lat' dir='ltr'><strong>disiecta</strong></span> <span class='ocrx_word' id='word_1_35' title='bbox 1970 1560 2219 1615; x_wconf 88' lang='lat' dir='ltr'><strong>membra</strong></span> 
     </span>
     <span class='ocr_line' id='line_1_6' title="bbox 92 1668 2219 1741; baseline 0 -17"><span class='ocrx_word' id='word_1_36' title='bbox 92 1670 392 1738; x_wconf 81' lang='lat' dir='ltr'><strong>concessit,</strong></span> <span class='ocrx_word' id='word_1_37' title='bbox 455 1668 521 1723; x_wconf 91' lang='lat' dir='ltr'><strong>de</strong></span> <span class='ocrx_word' id='word_1_38' title='bbox 582 1669 669 1723; x_wconf 92' lang='lat' dir='ltr'><strong>his</strong></span> <span class='ocrx_word' id='word_1_39' title='bbox 726 1670 838 1724; x_wconf 86' lang='lat' dir='ltr'><strong>iam</strong></span> <span class='ocrx_word' id='word_1_40' title='bbox 893 1669 1205 1724; x_wconf 85' lang='lat' dir='ltr'><strong>instituturi</strong></span> <span class='ocrx_word' id='word_1_41' title='bbox 1256 1687 1448 1724; x_wconf 90' lang='lat' dir='ltr'><strong>sumus</strong></span> <span class='ocrx_word' id='word_1_42' title='bbox 1502 1671 1911 1741; x_wconf 85' lang='lat' dir='ltr'><strong>quaestionem,</strong></span> <span class='ocrx_word' id='word_1_43' title='bbox 1972 1671 2219 1725; x_wconf 82' lang='lat' dir='ltr'><strong>contenti</strong></span> 
     </span>
     <span class='ocr_line' id='line_1_7' title="bbox 89 1779 2217 1853; baseline 0.001 -19"><span class='ocrx_word' id='word_1_44' title='bbox 89 1780 309 1849; x_wconf 86' lang='lat' dir='ltr'><strong>exiguis</strong></span> <span class='ocrx_word' id='word_1_45' title='bbox 367 1779 596 1835; x_wconf 89' lang='lat' dir='ltr'><strong>deorum</strong></span> <span class='ocrx_word' id='word_1_46' title='bbox 648 1780 820 1834; x_wconf 78' lang='lat' dir='ltr'><strong>donis,</strong></span> <span class='ocrx_word' id='word_1_47' title='bbox 895 1781 976 1834; x_wconf 91' lang='lat' dir='ltr'><strong>Ac</strong></span> <span class='ocrx_word' id='word_1_48' title='bbox 1032 1780 1267 1851; x_wconf 89' lang='lat' dir='ltr'><strong>primum</strong></span> <span class='ocrx_word' id='word_1_49' title='bbox 1318 1780 1539 1851; x_wconf 82' lang='lat' dir='ltr'><strong>quidem</strong></span> <span class='ocrx_word' id='word_1_50' title='bbox 1591 1779 1885 1835; x_wconf 81' lang='lat' dir='ltr'><strong>Simonidis</strong></span> <span class='ocrx_word' id='word_1_51' title='bbox 1937 1780 2031 1836; x_wconf 84' lang='lat' dir='ltr'><strong>Cei</strong></span> <span class='ocrx_word' id='word_1_52' title='bbox 2085 1799 2217 1853; x_wconf 86' lang='lat' dir='ltr'><strong>syn-</strong></span> 
     </span>
     <span class='ocr_line' id='line_1_8' title="bbox 90 1890 2215 1959; baseline 0.001 -15"><span class='ocrx_word' id='word_1_53' title='bbox 90 1894 294 1945; x_wconf 84' lang='lat' dir='ltr'><strong>taxeos</strong></span> <span class='ocrx_word' id='word_1_54' title='bbox 332 1908 514 1959; x_wconf 90' lang='lat' dir='ltr'><strong>usum,</strong></span> <span class='ocrx_word' id='word_1_55' title='bbox 570 1890 767 1945; x_wconf 88' lang='lat' dir='ltr'><strong>deinde</strong></span> <span class='ocrx_word' id='word_1_56' title='bbox 821 1891 1116 1945; x_wconf 88' lang='lat' dir='ltr'><strong>verborum</strong></span> <span class='ocrx_word' id='word_1_57' title='bbox 1155 1890 1431 1946; x_wconf 90' lang='lat' dir='ltr'><strong>delectum</strong></span> <span class='ocrx_word' id='word_1_58' title='bbox 1477 1893 1719 1946; x_wconf 87' lang='lat' dir='ltr'><strong>tractare</strong></span> <span class='ocrx_word' id='word_1_59' title='bbox 1769 1893 1827 1946; x_wconf 92' lang='lat' dir='ltr'><strong>in</strong></span> <span class='ocrx_word' id='word_1_60' title='bbox 1878 1891 2063 1946; x_wconf 90' lang='lat' dir='ltr'><strong>animo</strong></span> <span class='ocrx_word' id='word_1_61' title='bbox 2117 1895 2215 1947; x_wconf 90' lang='lat' dir='ltr'><strong>est.</strong></span> 
     </span>
     <span class='ocr_line' id='line_1_9' title="bbox 86 1971 2217 2073; baseline 0.002 -20"><span class='ocrx_word' id='word_1_62' title='bbox 86 1971 515 2071; x_wconf 83' lang='lat' dir='ltr'><strong>Epigrammata</strong></span> <span class='ocrx_word' id='word_1_63' title='bbox 567 2003 756 2055; x_wconf 90' lang='lat' dir='ltr'><strong>autem</strong></span> <span class='ocrx_word' id='word_1_64' title='bbox 803 2001 873 2055; x_wconf 91' lang='lat' dir='ltr'><strong>ab</strong></span> <span class='ocrx_word' id='word_1_65' title='bbox 911 2001 1019 2055; x_wconf 92' lang='lat' dir='ltr'><strong>hac</strong></span> <span class='ocrx_word' id='word_1_66' title='bbox 1058 2001 1446 2057; x_wconf 85' lang='lat' dir='ltr'><strong>dissertatione</strong></span> <span class='ocrx_word' id='word_1_67' title='bbox 1492 2002 1861 2073; x_wconf 84' lang='lat' dir='ltr'><strong>secludemus3</strong></span> <span class='ocrx_word' id='word_1_68' title='bbox 1913 2003 2120 2057; x_wconf 90' lang='lat' dir='ltr'><strong>etenim</strong></span> <span class='ocrx_word' id='word_1_69' title='bbox 2160 2006 2217 2058; x_wconf 86' lang='lat' dir='ltr'><strong>et</strong></span> 
     </span>
     <span class='ocr_line' id='line_1_10' title="bbox 92 2110 2215 2185; baseline 0.001 -20"><span class='ocrx_word' id='word_1_70' title='bbox 92 2113 318 2182; x_wconf 90' lang='lat' dir='ltr'><strong>propter</strong></span> <span class='ocrx_word' id='word_1_71' title='bbox 343 2110 610 2166; x_wconf 87' lang='lat' dir='ltr'><strong>lemmata</strong></span> <span class='ocrx_word' id='word_1_72' title='bbox 636 2111 817 2165; x_wconf 90' lang='lat' dir='ltr'><strong>adhuc</strong></span> <span class='ocrx_word' id='word_1_73' title='bbox 840 2111 1161 2183; x_wconf 90' lang='lat' dir='ltr'><strong>plerumque</strong></span> <span class='ocrx_word' id='word_1_74' title='bbox 1186 2113 1398 2168; x_wconf 89' lang='lat' dir='ltr'><strong>incerta</strong></span> <span class='ocrx_word' id='word_1_75' title='bbox 1422 2113 1691 2185; x_wconf 89' lang='lat' dir='ltr'><strong>praebent</strong></span> <span class='ocrx_word' id='word_1_76' title='bbox 1716 2114 2215 2183; x_wconf 86' lang='lat' dir='ltr'><strong>argumentationis</strong></span> 
     </span>
     <span class='ocr_line' id='line_1_11' title="bbox 93 2221 2215 2294; baseline 0.001 -18"><span class='ocrx_word' id='word_1_77' title='bbox 93 2221 519 2277; x_wconf 80' lang='lat' dir='ltr'><strong>fundamentum</strong></span> <span class='ocrx_word' id='word_1_78' title='bbox 558 2223 721 2277; x_wconf 91' lang='lat' dir='ltr'><strong>nimis</strong></span> <span class='ocrx_word' id='word_1_79' title='bbox 760 2223 1028 2278; x_wconf 89' lang='lat' dir='ltr'><strong>lubricum</strong></span> <span class='ocrx_word' id='word_1_80' title='bbox 1069 2226 1127 2278; x_wconf 91' lang='lat' dir='ltr'><strong>et</strong></span> <span class='ocrx_word' id='word_1_81' title='bbox 1163 2226 1384 2294; x_wconf 89' lang='lat' dir='ltr'><strong>propter</strong></span> <span class='ocrx_word' id='word_1_82' title='bbox 1421 2223 1786 2279; x_wconf 89' lang='lat' dir='ltr'><strong>elocutionem</strong></span> <span class='ocrx_word' id='word_1_83' title='bbox 1825 2241 1860 2277; x_wconf 91' lang='lat' dir='ltr'><strong>a</strong></span> <span class='ocrx_word' id='word_1_84' title='bbox 1897 2223 2215 2279; x_wconf 91' lang='lat' dir='ltr'><strong>melicorum</strong></span> 
     </span>
     <span class='ocr_line' id='line_1_12' title="bbox 91 2333 2215 2406; baseline 0.001 -19"><span class='ocrx_word' id='word_1_85' title='bbox 91 2333 403 2387; x_wconf 91' lang='lat' dir='ltr'><strong>carminum</strong></span> <span class='ocrx_word' id='word_1_86' title='bbox 430 2333 712 2388; x_wconf 89' lang='lat' dir='ltr'><strong>diversam</strong></span> <span class='ocrx_word' id='word_1_87' title='bbox 750 2333 1083 2405; x_wconf 90' lang='lat' dir='ltr'><strong>peculiarem</strong></span> <span class='ocrx_word' id='word_1_88' title='bbox 1121 2333 1306 2405; x_wconf 91' lang='lat' dir='ltr'><strong>potius</strong></span> <span class='ocrx_word' id='word_1_89' title='bbox 1331 2333 1592 2389; x_wconf 90' lang='lat' dir='ltr'><strong>videntur</strong></span> <span class='ocrx_word' id='word_1_90' title='bbox 1618 2333 1927 2389; x_wconf 87' lang='lat' dir='ltr'><strong>desiderare</strong></span> <span class='ocrx_word' id='word_1_91' title='bbox 1967 2335 2215 2406; x_wconf 90' lang='lat' dir='ltr'><strong>quaesti-</strong></span> 
     </span>
     <span class='ocr_line' id='line_1_13' title="bbox 89 2444 2214 2517; baseline 0.001 -20"><span class='ocrx_word' id='word_1_92' title='bbox 89 2461 277 2513; x_wconf 91' lang='lat' dir='ltr'><strong>onem;</strong></span> <span class='ocrx_word' id='word_1_93' title='bbox 339 2444 487 2498; x_wconf 89' lang='lat' dir='ltr'><strong>hanc</strong></span> <span class='ocrx_word' id='word_1_94' title='bbox 538 2444 608 2500; x_wconf 94' lang='lat' dir='ltr'><strong>ob</strong></span> <span class='ocrx_word' id='word_1_95' title='bbox 661 2462 890 2499; x_wconf 87' lang='lat' dir='ltr'><strong>causam</strong></span> <span class='ocrx_word' id='word_1_96' title='bbox 941 2444 1185 2513; x_wconf 90' lang='lat' dir='ltr'><strong>elegiaca</strong></span> <span class='ocrx_word' id='word_1_97' title='bbox 1236 2462 1453 2517; x_wconf 91' lang='lat' dir='ltr'><strong>quoque</strong></span> <span class='ocrx_word' id='word_1_98' title='bbox 1505 2444 1820 2514; x_wconf 82' lang='lat' dir='ltr'><strong>fragmenta</strong></span> <span class='ocrx_word' id='word_1_99' title='bbox 1868 2445 2214 2515; x_wconf 87' lang='lat' dir='ltr'><strong>neglegenda</strong></span> 
     </span>
     <span class='ocr_line' id='line_1_14' title="bbox 88 2553 2209 2627; baseline 0.001 -20"><span class='ocrx_word' id='word_1_100' title='bbox 88 2553 423 2609; x_wconf 77' lang='lat' dir='ltr'><strong>censuimus,</strong></span> <span class='ocrx_word' id='word_1_101' title='bbox 515 2554 863 2627; x_wconf 80' lang='lat' dir='ltr'><strong>Quamquam</strong></span> <span class='ocrx_word' id='word_1_102' title='bbox 919 2573 990 2609; x_wconf 90' lang='lat' dir='ltr'><strong>ne</strong></span> <span class='ocrx_word' id='word_1_103' title='bbox 1041 2554 1181 2609; x_wconf 89' lang='lat' dir='ltr'><strong>haec</strong></span> <span class='ocrx_word' id='word_1_104' title='bbox 1237 2554 1457 2626; x_wconf 88' lang='lat' dir='ltr'><strong>quidem</strong></span> <span class='ocrx_word' id='word_1_105' title='bbox 1511 2554 1829 2624; x_wconf 81' lang='lat' dir='ltr'><strong>fragmenta</strong></span> <span class='ocrx_word' id='word_1_106' title='bbox 1879 2554 2209 2625; x_wconf 88' lang='lat' dir='ltr'><strong>Simonidea‚</strong></span> 
     </span>
    </p>
   </div>
   <div class='ocr_carea' id='block_1_2' title="bbox 88 2665 1592 2738">
    <p class='ocr_par' dir='ltr' id='par_1_3' title="bbox 88 2665 1592 2738">
     <span class='ocr_line' id='line_1_15' title="bbox 88 2665 1592 2738; baseline 0.001 -19"><span class='ocrx_word' id='word_1_107' title='bbox 88 2667 371 2735; x_wconf 83' lang='lat' dir='ltr'><strong>quatenus</strong></span> <span class='ocrx_word' id='word_1_108' title='bbox 411 2684 441 2720; x_wconf 93' lang='lat' dir='ltr'><strong>e</strong></span> <span class='ocrx_word' id='word_1_109' title='bbox 480 2683 538 2721; x_wconf 89' lang='lat' dir='ltr'><strong>re</strong></span> <span class='ocrx_word' id='word_1_110' title='bbox 579 2684 701 2721; x_wconf 87' lang='lat' dir='ltr'><strong>esse</strong></span> <span class='ocrx_word' id='word_1_111' title='bbox 740 2665 1034 2733; x_wconf 90' lang='lat' dir='ltr'><strong>videbitur,</strong></span> <span class='ocrx_word' id='word_1_112' title='bbox 1074 2683 1188 2721; x_wconf 91' lang='lat' dir='ltr'><strong>non</strong></span> <span class='ocrx_word' id='word_1_113' title='bbox 1223 2666 1592 2738; x_wconf 77' lang='lat' dir='ltr'><strong>respiciemus,</strong></span> 
     </span>
    </p>
   </div>
  </div>
 </body>
</html>
