2450 4146
247 348 338 402 est
374 344 599 411 tradita,
639 343 972 413 interpretes
1011 344 1205 395 tamen
1244 339 1387 395 duas
1424 341 1698 397 factiones
1737 345 2050 415 sequuntur
2072 343 2131 398 in
2155 344 2386 400 notione

246 425 615 499 expedienda3
655 423 834 477 altera
871 423 1020 477 enim
1058 439 1189 494 pars
1227 421 1563 477 scholiorum
1602 422 1798 478 eodem
1836 442 2007 479 sensu
2047 424 2223 497 accipi
2245 423 2386 495 vult,

248 526 358 581 quo
397 506 530 561 locis
583 522 750 575 supra
803 502 989 558 allatis
1043 506 1131 558 est
1170 503 1569 575 accipiendum,
1610 504 1790 560 altera
1834 505 1983 561 idem
2021 505 2211 561 valere
2249 523 2387 562 con-

247 588 430 644 tendit
467 589 636 658 atque
661 586 753 639 τὸν
780 587 1044 655 ἑτέρωθεν
1066 586 1428 655 μετέωρονδθ),
1468 587 1527 640 et
1564 584 1638 641 ad
1675 588 2015 642 sententiam
2041 586 2388 659 probandam

244 672 428 742 ipsum
490 669 882 722 contestantur
939 665 1293 721 Simonidem.
1375 666 1494 721 Iam
1552 684 1685 721 vero
1742 666 1849 723 hoc
1910 672 2000 723 est
2060 667 2385 739 tenendum,

245 750 482 806 alteram
519 748 682 815 hanc,
737 765 907 819 quam
945 746 1025 802 illi
1065 746 1341 803 adiectivo
1382 747 1644 803 attribuit
1682 748 1987 805 scholiasta
2024 752 2385 822 potestatem,

244 832 423 887 solam
459 829 756 885 Simonidis
795 829 915 884 loco
956 847 999 884 c.
1040 828 1389 901 aptissimam
1429 846 1552 884 esse
1593 829 1666 885 ad
1705 847 1946 885 sensum.
2023 831 2221 903 Itaque
2260 848 2389 887 cum

244 914 418 968 etiam
469 911 705 967 alteram
755 910 909 966 illam
960 911 1091 979 vim,
1146 929 1292 983 quae
1345 915 1435 965 est
1482 910 1756 981 „inanis“,
1828 912 1991 966 certis
2051 912 2388 968 testimoniis

244 993 398 1049 haud
436 992 629 1065 paucis
683 992 1073 1048 confirmatam
1110 992 1429 1061 viderimuS,
1481 993 1663 1047 facere
1716 1009 1833 1048 non
1877 995 2200 1066 poterimus,
2253 994 2389 1066 quin

241 1078 348 1130 aut
384 1075 531 1130 hanc
570 1093 640 1130 ex
690 1073 789 1129 illa
825 1074 1061 1129 fluxisse
1101 1077 1364 1146 putemus
1416 1076 1516 1129 aut
1567 1073 1722 1129 illam
1761 1092 1831 1130 ex
1868 1074 1988 1130 hac.
2065 1076 2185 1131 Aut
2220 1076 2390 1146 igitur

246 1157 491 1226 genuina
527 1156 638 1211 fuit
674 1155 950 1211 vocabulo
984 1158 1322 1226 μεταμώνιος
1348 1155 1462 1227 (vel
1485 1158 1844 1227 μεταμώλιος)
1871 1156 2013 1213 haec
2049 1157 2164 1213 vis:
2206 1174 2388 1230 „quae

243 1241 478 1295 ventum
518 1240 883 1310 sequuntur“,
935 1239 1018 1293 ita
1056 1241 1122 1292 ut
1169 1255 1241 1292 ex
1278 1240 1476 1308 ἄνεμος
1515 1241 1574 1293 et
1609 1240 1741 1308 μετά
1780 1238 2192 1310 praepositione
2232 1256 2388 1294 com-

244 1321 491 1392 positum
543 1321 633 1390 sit,
687 1337 800 1392 qua
852 1337 882 1374 e
930 1320 1159 1375 notione
1210 1319 1507 1374 inanitatis
1558 1320 1759 1375 exoriri
1803 1319 1966 1375 facile
2012 1321 2213 1392 potuit,
2266 1323 2386 1390 aut,

240 1434 318 1442 —
355 1401 412 1455 id
446 1402 595 1473 quod
633 1402 786 1458 haud
827 1402 1012 1456 minus
1037 1401 1324 1473 probabile
1364 1401 1499 1456 mihi
1537 1400 1760 1456 videtur
1796 1401 1855 1456 in
1896 1401 2143 1473 epitheto
2169 1402 2387 1474 poetico

247 1485 306 1538 in
345 1501 599 1539 sermone
640 1483 824 1539 soluto
864 1483 958 1539 vel
997 1483 1345 1539 cottidiano
1330 1501 1443 1538 1am
1481 1501 1597 1539 non
1635 1484 1849 1538 usitato
1875 1516 1948 1523 —
1974 1484 2084 1539 fuit
2109 1483 2389 1577 quaedam

243 1582 357 1620 vox
380 1568 715 1636 μεταμώλιος
740 1583 842 1621 seu
866 1568 1203 1636 μεταμώνιος
1239 1565 1486 1620 incertae
1514 1582 1693 1637 usque
1721 1564 1906 1620 adhuc
1932 1564 2173 1636 originis,
2215 1564 2388 1635 signi-

240 1647 504 1703 ficatione
554 1647 849 1702 inanitatis
901 1649 962 1702 et
1010 1647 1283 1702 vanitatis
1335 1648 1554 1718 propria
1602 1647 1895 1715 instructa,
1948 1664 2119 1719 quam
2169 1646 2389 1719 antiqui

245 1746 370 1783 cum
404 1733 630 1801 propter
662 1746 927 1783 sonorum
960 1727 1379 1783 similitudinem
1415 1746 1445 1784 e
1476 1731 1608 1799 μετά
1643 1731 1703 1783 et
1736 1731 1933 1798 ἄνεμος
1966 1727 2241 1784 coaluisse
2279 1728 2389 1784 rati
2442 1701 2450 1816 i*

242 1828 343 1883 per
379 1810 767 1882 metaphoram
819 1809 1145 1866 sollemnem
1182 1809 1393 1865 factam
1442 1828 1567 1865 esse
1607 1814 1916 1880 censerent,
1970 1810 2085 1865 iam
2122 1811 2383 1880 genuina,
2444 1827 2450 1882 ξ

239 1910 415 1965 quam
443 1892 836 1964 opinabantur,
876 1892 937 1946 vi
961 1893 1227 1947 restituta
1252 1891 1597 1947 adhibebant
1633 1892 1822 1959 etiam,
1864 1892 2029 1946 sicuti
2055 1891 2384 1962 Simonides,
2443 1890 2450 1962 ξ

240 1973 320 2030 ad
365 1993 450 2042 ea,
505 1992 649 2046 quae
701 1978 936 2029 ventum
989 1974 1283 2046 sequentia
1319 1990 1417 2046 per
1467 1990 1663 2029 auram
1714 1972 1992 2042 feruntur,
2048 1971 2386 2029 denotanda.
2444 2010 2450 2056 i

245 2056 636 2128 Aristophanis
676 2055 900 2127 quidem
937 2055 1286 2128 temporibus
1326 2058 1474 2110 certe
1512 2054 1783 2110 nonnulla
1824 2054 2120 2110 Homerica
2158 2053 2386 2110 Graecis
2445 2057 2450 2128 ζ

242 2137 473 2192 iamiam
513 2138 832 2192 obscuriora
885 2155 1010 2192 esse
1047 2138 1174 2192 visa
1225 2140 1396 2209 atque
1443 2136 1870 2209 explicationem
1910 2135 2258 2193 desiderasse
2296 2136 2387 2193 vel

247 2236 319 2273 ex
343 2219 621 2290 Aristoph.
660 2218 723 2273 fr.
751 2219 861 2273 222
901 2221 1158 2291 apertum
1190 2218 1276 2289 fit,
1317 2218 1415 2274 ubi
1441 2217 1708 2291 quidnam
1739 2217 2058 2287 significent
2082 2217 2386 2274 nonnullae
2445 2249 2450 2261 ι

243 2303 479 2371 γλῶσσαι
505 2300 831 2355 Homericae
866 2304 1026 2371 pater
1052 2302 1271 2372 quaerit
1308 2319 1339 2356 e
1365 2299 1498 2356 filio.
1563 2300 1683 2367 Quo
1722 2299 1943 2355 facilius
1980 2300 2098 2355 fieri
2135 2301 2386 2372 potuisse

245 2381 618 2452 intellegetur,
659 2385 726 2436 ut
752 2382 1023 2436 eiusmodi
1058 2400 1271 2438 errores
1298 2381 1596 2438 Simonidis
1622 2384 1812 2437 aetate
1854 2382 2026 2437 etiam
2051 2382 2387 2454 irrepserint.
2442 2379 2450 2410 ’-

241 2463 619 2519 Conferantur
656 2466 850 2518 autem
889 2481 971 2532 ea,
1014 2482 1158 2536 quae
1199 2463 1267 2539 de
1309 2481 1444 2520 voce
1482 2466 1692 2535 ἥδυμος
1731 2481 1902 2535 supra
1940 2463 2183 2519 diximus
2219 2481 2270 2536 p.
2297 2463 2385 2520 28.
2439 2494 2450 2525 ,.·

427 2547 620 2616 γεύω.
677 2545 742 2600 fr.
767 2544 906 2614 46,1
937 2548 971 2598 ἁ
997 2546 1180 2601 Μοῖσα
1209 2589 1220 2600 .
1249 2592 1260 2603 .
1288 2548 1389 2601 οὐκ
1418 2589 1429 2600 .
1457 2587 1469 2602 .
1496 2548 1633 2616 γεύει
1668 2546 1728 2600 τὸ
1766 2546 1942 2615 παρὸν
1978 2547 2164 2616 μόνον.
2225 2545 2387 2601 Acti-
2447 2544 2450 2549 ἔ

246 2645 382 2683 vum
420 2630 554 2683 ante
594 2626 935 2682 Simonidem
973 2643 1087 2681 non
1125 2627 1418 2698 traditum3
1457 2627 1733 2683 omittitur
1770 2631 1962 2682 autem
2000 2643 2256 2699 persona,
2296 2626 2387 2683 cui

248 2708 458 2782 aliquid
484 2708 826 2779 gustandum
859 2706 1040 2777 datur,
1083 2709 1224 2763 sicut
1258 2727 1343 2781 ap.
1370 2709 1631 2765 Herodot.
1658 2707 1864 2777 V11‚46
1892 2711 1923 2763 ὁ
1951 2711 2011 2764 δὲ
2034 2709 2166 2770 θεὸς
2189 2709 2386 2779 γλυκὺν
2438 2738 2446 2743 ·

247 2794 438 2861 γεύσας
474 2792 565 2846 τὸν
602 2793 773 2845 αἰῶνα
810 2790 1083 2860 φθονερὸς
1135 2792 1189 2844 ἐν
1228 2794 1374 2861 αὐτῷ
1420 2793 1709 2862 εὑρίσκεται
1748 2793 1874 2859 ἐώνς
1926 2808 2088 2863 porro
2141 2790 2386 2846 modium

245 2891 426 2942 genus
465 2872 743 2928 translate
793 2871 907 2926 iam
958 2869 1108 2943 apud
1147 2871 1450 2928 Homerum
1499 2873 1559 2928 in
1610 2890 1718 2928 usu
1769 2876 1872 2941 est,
1926 2873 2065 2928 item
2102 2889 2190 2944 ap.
2228 2870 2385 2930 Pind.

248 2956 437 3010 Isthm.
464 2954 532 3023 V,
549 2955 622 3010 20
658 2955 718 3009 τὸ
757 2955 811 3009 δ’
835 2954 968 3024 ἐμὸν
994 2994 1006 3007 .
1035 2994 1047 3006 .
1076 2994 1086 3006 .
1113 2955 1244 3022 κέαρ
1283 2957 1470 3023 ὕμνων
1508 2957 1708 3025 γεύεται
1746 2954 1901 3010 aliOS.

429 3039 600 3091 ὃιώκ
616 3057 678 3091 ω.
741 3034 806 3091 fr.
833 3034 923 3103 29,
939 3034 973 3089 3
1012 3036 1293 3104 καμπύλον
1330 3039 1491 3105 μέλος
1530 3038 1760 3091 διώκων.
1837 3035 2134 3108 Improprie
2173 3033 2384 3091 dictum

248 3116 318 3171 de
357 3118 739 3186 saltatoribuS,
792 3116 888 3189 qui
932 3117 1120 3171 motus
1171 3132 1304 3169 suos
1356 3118 1586 3173 carmini
1636 3120 2032 3189 attemperant,
2086 3133 2213 3173 cum
2262 3133 2383 3171 car-

252 3198 414 3253 minis
441 3198 634 3254 modos
660 3199 846 3255 varios
872 3195 1132 3253 saltando
1152 3200 1441 3268 tamquam
1461 3202 1870 3272 persequuntur
1895 3203 2066 3270 atque
2092 3199 2381 3270 expetunt.
2449 3231 2450 3235 ,

254 3277 562 3350 Expetendi
601 3282 748 3337 hanc
797 3278 1083 3335 notionem
1121 3277 1393 3333 habemus
1433 3298 1517 3352 ap.
1557 3282 1716 3337 Hom.
1755 3281 1913 3349 P75‚
1966 3278 2036 3334 de
2073 3277 2239 3334 rebus
2279 3278 2381 3334 ab·
2447 3269 2450 3332 ἰ

256 3362 474 3415 stractis
502 3362 710 3432 primus
750 3364 988 3433 usurpat
1011 3356 1289 3415 Hesiodus
1322 3358 1384 3414 fr.
1412 3362 1520 3416 219
1560 3365 1760 3434 νήπιος,
1800 3364 1861 3423 ὅς
1897 3383 1972 3422 τις
2008 3362 2188 3429 ἕτοιμα
2211 3360 2383 3415 λιπὼν

258 3438 499 3509 ἀνέτοιμα
541 3445 734 3506 διώκει,
774 3443 978 3516 quibus
1017 3439 1192 3497 addas
1229 3438 1383 3495 Pind.
1424 3442 1502 3497 Ol.
1530 3443 1706 3515 IH‚45
1746 3446 1811 3499 οὔ
1850 3465 1930 3498 νιν
1968 3443 2147 3503 διώξω
2186 3439 2281 3511 (se.
2318 3442 2379 3497 τὸ

255 3520 464 3591 πόρσω)
502 3522 691 3578 Isthm.
719 3524 793 3577 VI
809 3523 920 3595 (V),
938 3523 1006 3580 71
1047 3524 1212 3594 μέτρα
1261 3522 1360 3591 μὲν
1406 3527 1596 3595 γνώμᾳ
1636 3527 1854 3580 ὀιώκων
1893 3519 2227 3594 VII(VI)‚40
2265 3525 2299 3577 ὅ
2332 3544 2381 3578 τι

436 3710 486 3762 ⁸⁰)
519 3712 599 3756 etr.
641 3710 783 3757 etiam
836 3711 890 3754 ἀν
866 3713 1181 3773 νεεμοφόρητος
1230 3712 1380 3771 Apoll.
1424 3715 1565 3773 Soph.
1609 3716 1720 3762 Lex.
1760 3715 1893 3761 Hom.
1934 3726 1971 3758 s.
2003 3726 2046 3758 v.
2089 3728 2377 3771 ωταμωνωε,

250 3769 372 3823 μηδι
401 3771 570 3826 ἀνέμων
599 3773 854 3834 quoduam:
888 3781 1035 3827 s.chol
1056 3779 1118 3827 ad
1146 3778 1299 3839 Apoll.
1331 3778 1483 3826 Rhod.
1515 3781 1543 3827 l.
1567 3796 1606 3828 c.
