2450 4146
1126 231 1498 285 ..50-

246 383 381 457 Opp.
408 383 507 438 23.
530 381 636 435 312
665 382 723 435 et
746 379 941 451 hymni
968 378 1177 434 Cereris
1205 380 1400 434 auctor
1425 395 1476 432 v.
1510 378 1812 433 168=223.
1855 376 2065 432 Eadem
2093 395 2207 450 qua
2232 375 2383 449 apud
2426 447 2427 450 Ἴ

248 464 586 520 Simonidem
625 460 1027 529 significatione
1082 459 1424 514 adiectivum
1462 458 1690 514 verbale
1729 459 1965 514 occurrit
2001 458 2245 528 Theogn.
2270 458 2382 514 455

246 546 400 600 Pind.
428 544 505 599 01.
522 542 634 611 VII,
658 542 693 597 6
731 540 988 613 Aeschyl.
1015 541 1164 597 Pers.
1192 541 1303 596 ’710
1356 540 1609 612 Sophocl.
1637 541 1767 595 Ant.
1794 540 1952 609 1161,
1981 541 2206 613 saepius
2232 539 2383 612 apud

248 626 580 697 Euripidem,
634 622 729 694 qui
788 640 969 695 aequo
1023 621 1188 677 modo
1241 639 1308 676 ac
1347 620 1658 677 Simonides
1696 623 1932 693 ζηλωτὸς
1969 624 2105 676 αἰών
2143 621 2277 676 dicit
2313 619 2382 676 de

248 709 417 763 beata
454 706 574 761 vita
612 703 752 759 Med.
782 704 904 759 243.

422 790 774 857 μιμέομαι.
852 785 916 841 fr.
944 785 1091 854 29,3
1132 828 1143 839 .
1172 831 1183 842 .
1236 788 1398 840 ἵππον
1436 789 1469 855 ἢ
1508 787 1644 840 κύνα
1685 828 1696 839 .
1737 828 1748 839 .
1791 826 1802 839 .
1839 788 2015 855 μίμεο.
2091 784 2155 839 In
2193 783 2384 857 hymn.

246 868 421 942 Apoll.
454 868 556 923 163
602 868 819 922 πάντων
859 869 909 921 δ’
954 869 1269 937 ἀνθρώπων
1319 868 1510 937 φωνὰς
1559 868 1650 921 καὶ
1687 866 2105 937 κρεμβαλιαοτὺν
2141 866 2380 936 μιμεῖσθ’
2432 859 2433 863 “

246 955 431 1019 ἴσασιν;
469 953 592 1005 tum
630 949 774 1005 alibi.
809 949 956 1022 ——³²)

422 1084 625 1139 Restat
663 1083 822 1155 copia
860 1082 1014 1138 haud
1056 1083 1260 1152 exigua
1299 1099 1491 1137 eorum
1532 1082 1945 1152 vocabulorum,
2000 1098 2146 1154 quae
2197 1080 2381 1154 apud

246 1166 492 1237 epicos
544 1165 882 1221 vetustiores
936 1164 1223 1219 omnino
1276 1181 1417 1219 non
1468 1163 1833 1234 leguntur.
1910 1162 2124 1230 Quibus
2161 1162 2221 1219 in
2257 1179 2385 1235 per-

246 1245 537 1303 censendis
578 1265 607 1302 e
646 1264 706 1302 re
746 1246 850 1301 erit
876 1246 1170 1301 discrimen
1207 1245 1392 1301 facere
1429 1246 1577 1301 inter
1616 1263 1700 1315 ea,
1741 1262 1924 1318 quae
1964 1262 2116 1300 cum
2154 1243 2386 1318 epicis

246 1328 580 1402 quibusdam
636 1329 867 1384 vocibus
925 1328 1561 1384 necessitudinem
1617 1327 1924 1395 habent,
1981 1329 2042 1382 et
2096 1343 2182 1396 ea,
2240 1342 2386 1399 quae

244 1428 469 1483 prorsus
509 1411 582 1466 ab
619 1409 729 1465 illis
769 1412 905 1465 sunt
942 1409 1141 1465 aliena.

430 1494 617 1565 Atque
658 1510 730 1548 ex
769 1492 946 1547 altero
985 1491 1078 1547 illo
1113 1509 1313 1562 genere
1353 1493 1549 1547 statim
1575 1491 1883 1547 afferamus
1922 1507 2006 1560 ea,
2047 1507 2192 1562 quae
2230 1493 2387 1545 ante

247 1573 648 1630 Simonidis
688 1575 1013 1629 aetatem
1050 1573 1568 1629 inveniuntur:

426 1659 664 1726 εὐρώς.
716 1656 777 1710 fr.
804 1654 910 1726 4,4
936 1658 1182 1726 ἐντάφιον
1209 1698 1220 1710 .
1249 1698 1260 1710 .
1289 1698 1300 1710 .
1341 1658 1447 1710 οὔτ’
1482 1657 1656 1725 εὗρὼς
1683 1698 1694 1708 .
1723 1696 1734 1708 .
1763 1697 1774 1709 .
1804 1694 1815 1706 .
1842 1656 2166 1725 ἀμαυρώσει.
2222 1651 2390 1725 Apud

251 1738 553 1794 Homerum
579 1741 799 1808 εὖρώεις
824 1737 1134 1809 epithetum
1173 1740 1504 1810 perpetuum
1543 1739 1632 1792 est
1657 1737 1780 1792 Orci
1816 1736 1959 1791 1⁷65
1998 1757 2033 1790 κ
2060 1735 2169 1790 512
2206 1757 2253 1806 ψ
2279 1734 2389 1790 322

248 1843 295 1875 ω
321 1821 405 1889 10,
446 1821 581 1875 item
609 1837 695 1892 ap.
722 1818 943 1875 Hesiod.
975 1819 1107 1892 Opp.
1130 1819 1237 1875 153
1289 1819 1494 1888 Theog.
1524 1817 1667 1893 [731]
1691 1861 1701 1873 .
1723 1819 1833 1875 739
1855 1861 1865 1872 .
1889 1815 2048 1892 [810].
2126 1816 2390 1873 Similiter

249 1904 417 1974 atque
459 1901 608 1973 apud
649 1901 989 1956 Simonidem
1029 1918 1235 1971 aerugo
1274 1918 1457 1956 rerum
1505 1900 1739 1956 deletrix
1778 1899 2094 1973 appellatur
2131 1897 2387 1973 Bacchyl.

246 1983 388 2055 1124,
416 1984 479 2038 ll
535 1985 690 2054 ἔγχεά
746 2005 799 2038 τε
855 1984 1099 2053 λογχωτὰ
1157 1985 1311 2054 ξίφεά
1360 1986 1405 2037 τ’
1437 1985 1691 2053 ἀμφάκεα
1745 1985 2004 2053 δάμναται
2053 2014 2171 2028 --ιυ
2214 1983 2390 2053 εὐρώς

249 2064 484 2136 (scilicet
521 2066 578 2119 in
616 2063 791 2137 pace).
871 2065 1117 2119 Primum
1154 2063 1357 2135 legitur
1394 2063 1545 2137 apud
1583 2066 1828 2134 Theogn.
1865 2065 1994 2133 452,
2043 2066 2167 2120 tum
2205 2063 2388 2136 Eurip.

249 2148 361 2202 Ion.
406 2147 561 2202 1393.

428 2230 703 2298 μύρτος.
768 2229 827 2283 fr.
862 2229 944 2298 10,
973 2229 998 2283 1
1028 2230 1290 2284 πετάλοισι
1314 2231 1546 2300 μύρτων.
1611 2228 1874 2285 Conferas
1901 2245 1985 2300 ea,
2014 2245 2160 2300 quae
2186 2226 2255 2283 de
2282 2227 2390 2284 hac

251 2327 390 2366 voce
430 2311 489 2365 et
527 2309 594 2364 de
618 2313 847 2380 μυρρίνη
877 2309 1236 2381 disputarunt
1262 2310 1384 2366 Udo
1407 2310 1649 2382 Bahntje
1675 2310 1733 2365 in
1766 2311 1992 2379 Quaest.
2012 2308 2391 2366 Archilocheis

251 2392 395 2448 Dies.
434 2391 620 2460 inaug.
660 2390 906 2460 Gotting.
952 2392 1093 2446 1900
1131 2410 1181 2464 p.
1209 2391 1281 2448 66
1321 2395 1379 2448 et
1420 2391 1623 2448 Weber
1660 2391 1692 2447 1.
1726 2410 1768 2447 c.
1807 2410 1857 2464 p.
1884 2391 1979 2462 893
2026 2390 2204 2447 addas
2242 2391 2388 2465 Ibyc.

252 2473 317 2529 fr.
344 2474 441 2543 6,1
502 2475 677 2544 μύρτα
733 2495 786 2527 τε
850 2476 940 2527 καὶ
991 2477 1042 2527 ἴα
1094 2476 1184 2529 καὶ
1234 2476 1506 2546 ἑλίχρυσος
1556 2477 1615 2530 et
1652 2473 1885 2530 Stesich.
1919 2473 2061 2544 29,2
2110 2474 2279 2529 πολλὰ
2330 2474 2390 2529 δὲ
2435 2523 2437 2525 .

252 2558 479 2627 μύρσινα
519 2557 691 2626 φύλλα
729 2556 820 2609 καὶ
858 2557 1104 2624 ῥοδίνους
1142 2558 1448 2628 στεφάνους.
1504 2593 1511 2601 ·

433 2640 467 2708 ῤ
483 2644 519 2709 ἥ
529 2658 634 2709 μα.
673 2636 736 2691 fr.
758 2635 923 2705 37,l4
950 2639 1097 2707 ἐμῶν
1123 2640 1392 2709 ῥημάτων.
1430 2638 1677 2694 Primum
1704 2639 1895 2692 exstat
1913 2634 2319 2709 ap.Archil.50,
2333 2636 2387 2706 2,

255 2719 454 2775 deinde
493 2738 580 2792 ap.
609 2718 853 2788 Theogn.
884 2719 1062 2773 1152.
1090 2720 1229 2774 1262
1267 2720 1573 2776 Pindarum
1609 2719 1761 2775 alios

435 2802 781 2872 συμφορά.
859 2799 921 2855 fr.
961 2801 1012 2868 5,
1035 2801 1096 2854 ll
1141 2804 1417 2873 ἀμάχανος
1454 2803 1709 2873 συμφορά
1785 2799 1849 2856 fr.
1883 2801 1951 2856 14
1986 2808 2118 2865 πῖνε,
2154 2802 2391 2856 πῖν”ἑπὶ

256 2890 572 2954 συμφοραῖς.
656 2880 775 2938 Iadi
826 2884 885 2936 et
934 2881 1153 2937 Atthidi
1193 2888 1280 2938 est
1329 2885 1631 2956 proprium,
1691 2882 1930 2955 primum
1981 2882 2040 2937 in
2096 2886 2390 2955 poetarum

256 2965 511 3020 versibus
551 2966 786 3021 occurrit
824 2981 910 3036 ap.
938 2962 1266 3035 Hipponact.
1293 2964 1382 3036 49,
1401 2966 1435 3020 5
1476 2968 1604 3037 αὕτη
1646 2968 1746 3035 γάρ
1786 2967 1888 3019 ἐστι
1927 2966 2183 3036 συμφορή
2221 2985 2275 3019 τε
2299 2964 2391 3019 καὶ

259 3048 472 3117 κλῃδών
524 3046 766 3116 „malum
814 3047 1037 3109 omen“;
1089 3043 1479 3115 frequentatur
1528 3047 1583 3102 in
1637 3064 1802 3119 prosa
1854 3047 2106 3102 oratione
2144 3046 2203 3101 et
2239 3044 2390 3117 apud

259 3132 455 3197 poetas
476 3129 711 3197 Atticos,
753 3145 783 3183 e
810 3126 994 3199 lyricis
1020 3130 1243 3198 praesto
1272 3132 1405 3183 sunt
1430 3128 1535 3184 loci
1561 3129 1619 3184 hi
1645 3131 1891 3184 tantum:
1918 3127 2074 3183 Pind.
2090 3125 2169 3183 01.
2186 3126 2299 3192 vn,
2315 3126 2389 3183 77
2434 3131 2436 3134 ’

260 3207 421 3281 Pyth.
450 3210 589 3279 VIII,
610 3210 682 3265 87
722 3208 979 3282 Bacchyl.
1005 3207 1145 3278 XIII,
1168 3207 1202 3263 3
1241 3208 1496 3278 (Timoth.
1525 3211 1672 3266 Pers,
1700 3228 1751 3265 v.
1778 3210 1886 3265 201
1928 3209 2012 3265 ed.
2039 3207 2387 3280 Wilamow.).

434 3294 703 3360 τρόπος.
743 3290 807 3346 fr.
835 3291 923 3359 31,
946 3289 980 3345 3
1007 3290 1192 3360 Κρῆτά
1215 3310 1307 3359 μιν
1332 3294 1576 3348 καλέουσι
1600 3294 1811 3363 τρόπον.
1851 3289 2016 3364 Apud
2036 3289 2388 3346 Semonidem
2424 3335 2425 3340 ,

264 3370 622 3441 Amorginum
680 3372 917 3445 primum
970 3370 1171 3441 legitur
1233 3370 1284 3437 7,
1312 3372 1383 3425 78
1442 3375 1601 3444 δήνεα
1660 3375 1718 3430 ὀὲ
1773 3375 1943 3428 πάντα
2005 3372 2096 3428 καὶ
2155 3371 2389 3439 τρόπους
2422 3443 2424 3445 ‚

267 3450 519 3507 ἐπίσταται
571 3454 796 3509 notione
849 3454 1094 3509 astutiae
1144 3468 1212 3507 ac
1250 3450 1359 3506 doli
1399 3454 1745 3525 instructum,
1798 3452 1970 3510 semel
2019 3450 2166 3524 apud
2204 3450 2387 3507 'Pheo-
2423 3479 2426 3509 1

268 3530 484 3595 guidem
523 3552 573 3590 V.
601 3534 710 3589 964
750 3537 915 3605 ὀργὴν
952 3536 1042 3590 καὶ
1066 3532 1280 3605 ῥυθμὸν
1317 3536 1406 3587 καὶ
1439 3539 1650 3606 τρόπον,
1691 3539 1846 3591 ὅντιν’
1877 3539 1982 3607 ἔχει
2018 3532 2087 3588 de
2125 3533 2386 3590 moribuS.
2424 3536 2426 3539 ’

386 3676 437 3732 ⁸¹)
470 3677 629 3724 Addaa
659 3676 714 3730 ἐξ
744 3676 952 3733 ἀδήλων
981 3677 1155 3727 aiddu:
1187 3676 1351 3724 &22ss
1381 3677 1624 3739 σκληρόν.
1657 3678 2134 3739 Quodflingulifllocis
2149 3679 2388 3728 invenitur

272 3749 343 3794 ap.
365 3740 547 3787 Hesiod.
570 3745 747 3801 Theog.
769 3745 858 3790 889
889 3745 1145 3806 Theognid.
1170 3744 1286 3791 1194
1315 3744 1447 3791 Pind.
1466 3747 1534 3794 01.
1554 3749 1730 3805 V11‚29
1753 3743 2047 3807 [Epicharm]
2066 3744 2156 3791 238
2185 3746 2386 3807 (Kaibel)
2419 3762 2427 3804 g
2448 3747 2450 3798 Ξ

272 3800 492 3849 Herodot.
514 3807 717 3863 vl11,12‚
749 3822 886 3867 porro
918 3814 1042 3872 apud
1070 3812 1271 3860 Atticos.
2162 3807 2165 3810 Δ
