2450 4146
1133 245 1506 300 ..38-

249 414 421 470 quam
472 393 779 466 composita
828 394 1088 448 καθεύδω
1141 394 1199 447 et
1243 394 1597 464 ἀποθνῄσκω,
1649 410 1794 464 quae
1831 392 1891 448 in
1929 410 2097 465 prosa
2135 393 2388 450 oratione

252 495 468 551 semper
522 475 638 530 fere
654 474 726 545 ²⁸)
782 478 1127 546 usurpantur
1182 490 1280 545 pro
1339 472 1682 546 simplicibus
1739 476 1821 541 (at
1868 477 2102 546 τέθνηκα
2154 473 2390 547 simplex

251 561 506 633 ponitur).
569 557 757 627 Atque
798 554 865 610 de
903 555 1241 624 tragicorum
1279 553 1503 627 quidem
1530 572 1639 610 usu
1664 573 1865 611 vocum
1889 557 2144 627 θνῄσκειν
2169 557 2228 611 et
2251 558 2389 611 ἀπο-

251 643 502 711 θνῄσκειν
529 636 791 692 disseruit
815 635 1300 691 Rutherfordiusl.
1328 653 1371 691 c.
1403 653 1455 708 p.
1482 635 1615 706 3893
1654 636 1743 691 cui
1767 636 1827 691 in
1853 653 1937 705 eo,
1978 637 2127 710 quod
2153 623 2391 709 simplex
2447 639 2450 682 ἒ

251 724 502 792 θνῄσκειν
527 717 678 790 apud
703 716 827 772 illos
848 734 947 789 pro
966 717 1293 772 vetustioris
1315 716 1563 773 Atthidis
1581 717 1818 787 vestigio
1838 717 2160 774 habendum
2179 721 2391 787 censet,

251 819 364 857 non
404 799 696 855 assentior.
754 798 961 853 Parum
1000 798 1150 853 enim
1186 798 1413 871 respicit
1438 800 1718 871 epicorum
1744 802 1803 854 et
1826 798 2123 872 lyricorum
2149 816 2391 855 consue-

250 882 519 949 tudinem,
574 897 720 953 quae
771 896 910 935 sane
963 878 1161 936 eadem
1213 882 1303 935 est
1353 897 1420 936 ac
1469 881 1819 949 tragicorum.
1894 883 2149 953 Namque
2186 880 2450 951 legitur

250 966 416 1019 εὕδειν
480 962 630 1034 apud
679 960 984 1017 Homerum
1034 961 1344 1017 Hesiodum
1406 961 1466 1016 in
1516 961 1741 1034 hymnis
1792 962 2074 1033 sexagies,
2137 964 2396 1034 θνῄσκειν
2445 952 2450 1064 j

250 1044 546 1118 quinquies
604 1046 664 1099 et
721 1044 967 1113 octogies
1025 1043 1273 1115 (perfecti
1327 1042 1539 1099 formas
1597 1060 1711 1098 non
1770 1043 2128 1116 curavimus),
2195 1046 2450 1100 contra

248 1127 533 1182 καθεύδειν
591 1125 824 1197 septies,
884 1127 1247 1196 ἀποθνῄσκειν
1303 1125 1412 1195 bis3
1478 1124 1677 1180 deinde
1736 1123 1886 1197 apud
1940 1124 2142 1198 lyricos
2199 1126 2393 1180 εὕδειν·
2444 1115 2450 1202 ξ

251 1207 433 1264 Solon.
459 1207 602 1277 4,19
630 1207 768 1276 32a,
785 1207 820 1262 3
847 1206 949 1277 (ed.
976 1206 1175 1262 Hiller-
1151 1206 1355 1279 -CruS.)
1409 1206 1651 1276 Theogn.
1677 1207 1821 1262 469.
1844 1206 2222 1263 1043.1045.
2245 1206 2393 1262 1063
2444 1214 2450 1287 J

250 1290 397 1346 1336
462 1289 712 1344 Alcman.
739 1249 831 1360 60,
855 1291 886 1343 1
910 1331 921 1343 .
943 1288 978 1344 6
1043 1288 1306 1345 Simonid.
1345 1287 1378 1343 l.
1406 1305 1448 1344 c.
1500 1288 1656 1343 Pind.
1683 1287 1763 1344 Ol.
1801 1287 1943 1357 XIII,
1966 1288 2039 1343 67
2102 1288 2267 1362 Pyth.
2294 1287 2334 1358 Ι,
2355 1287 2394 1344 6
2444 1289 2450 1332 ¹

247 1372 442 1426 Isthm.
470 1369 572 1426 VH
609 1370 750 1443 (VI),
774 1372 847 1427 17
897 1369 962 1426 fr.
991 1371 1117 1439 131,
1138 1370 1189 1425 4.
1265 1402 1338 1410 —
1413 1372 1689 1441 θνῄσκεινε
1730 1369 1921 1425 Gallin.
1950 1372 2000 1442 1,
2024 1370 2094 1424 19
2170 1369 2393 1426 Semon.

248 1454 371 1508 Am.
401 1453 547 1522 1,1·7
594 1453 702 1522 2,1
768 1452 921 1525 Tyrt.
950 1451 1136 1521 10,14
1176 1454 1263 1521 11,
1288 1453 1358 1508 13
1425 1452 1609 1507 Solon.
1636 1452 1782 1521 21,2
1847 1451 2091 1521 Theogn.
2117 1448 2392 1508 245.709

249 1536 359 1591 878
386 1534 526 1591 ,931
550 1577 562 1589 .
585 1534 731 1589 1069
751 1576 763 1589 .
786 1533 932 1589 1193
953 1579 965 1590 .
988 1534 1134 1589 1328
1186 1534 1419 1590 Stesich.
1448 1535 1517 1588 51
1541 1535 1613 1589 52
1666 1533 1872 1589 Simon.
1899 1533 1932 1589 l.
1960 1551 2020 1603 c.,
2060 1550 2147 1606 ap.
2185 1531 2394 1588 Pinda-
2442 1509 2450 1735 1

2444 1847 2450 1910 1

248 1633 372 1671 rum
423 1614 774 1685 undeviginti
818 1614 971 1686 lociS,
1023 1614 1280 1685 Bacchyl.
1318 1616 1359 1686 I,
1384 1615 1492 1670 183
1538 1615 1627 1684 ΠΙ,
1648 1615 1723 1671 47
1768 1614 1886 1682 ΧΠ,
1910 1615 2104 1686 16639)
2179 1613 2396 1682 Quibus

248 1698 382 1754 locis
410 1698 614 1770 opponi
638 1700 879 1770 possunt
903 1697 1225 1770 paucissimi
1251 1698 1330 1752 hi:
1370 1699 1677 1752 καθεύδεινε
1716 1696 1952 1769 Hippon.
1973 1697 2108 1767 61,1
2149 1696 2395 1766 Theogn.

247 1781 355 1836 471
411 1778 618 1852 Sapph.
646 1780 734 1850 52,
757 1779 795 1834 4
845 1779 1047 1834 Anacr.
1085 1779 1174 1850 88,
1198 1780 1247 1834 2.
1287 1811 1360 1819 -
1400 1781 1783 1850 ἀποθνῄσκεινε
1824 1778 2015 1835 Callin.
2045 1780 2095 1848 1,
2118 1780 2153 1834 5
2192 1779 2396 1834 Anacr.

250 1863 340 1931 50,
363 1864 394 1916 1
436 1861 514 1931 (in
552 1861 743 1934 tmesi)
784 1860 941 1916 Pind.
970 1859 1049 1916 Ol.
1075 1861 1237 1931 11‚27
1274 1859 1465 1916 Isthm.
1494 1860 1595 1915 VH
1622 1860 1748 1930 (VI),
1771 1861 1844 1915 30
1871 1860 1947 1931 (in
1983 1860 2184 1930 tmesi).

427 1942 529 1998 His
568 1942 815 1998 locorum
854 1942 1027 2015 copiis
1067 1942 1287 1998 collatis
1324 1943 1506 1998 facere
1546 1960 1659 1997 non
1699 1942 2021 2014 poterimuS,
2074 1941 2211 2014 quin
2247 1940 2396 1997 hanc

252 2024 715 2081 consuetudinem
767 2041 882 2080 non
932 2024 1159 2094 tragicis
1211 2023 1345 2080 solis
1396 2041 1591 2079 verum
1632 2024 1856 2078 omnino
1895 2023 2079 2095 poetis
2117 2022 2396 2096 propriam

256 2107 444 2179 epicae
473 2106 731 2161 dictionis
759 2106 1012 2179 exemplo
1041 2109 1212 2179 atque
1239 2106 1562 2161 auctoritati
1591 2104 1988 2174 adscribamus,
2016 2122 2188 2177 quam
2213 2122 2395 2177 quan-

250 2191 444 2260 topere
471 2189 673 2259 poetae
714 2187 884 2243 ceteri
923 2189 1123 2243 sectati
1158 2188 1275 2243 sint
1310 2187 1371 2242 in
1395 2187 1690 2260 propatulo
1718 2189 1819 2241 est.
1885 2186 2204 2242 Utebantur
2227 2186 2397 2256 igitur

252 2270 341 2325 his
393 2269 579 2325 verbis
630 2269 972 2342 simplicibus
1024 2269 1222 2340 tragici
1272 2286 1493 2343 quoque
1531 2285 1645 2323 non
1676 2271 1743 2323 ut
1781 2268 2031 2323 Atthidis
2069 2267 2397 2324 vetustioris

251 2351 497 2424 reliquiis
536 2367 606 2405 ex
645 2350 949 2420 originibus
987 2349 1311 2421 tragoediae
1337 2350 1591 2423 receptiS,
1632 2349 1733 2405 sed
1757 2352 1824 2404 ut
1849 2349 2082 2421 poeticis
2109 2367 2139 2405 e
2164 2349 2396 2413 notissi-

253 2435 359 2488 mis
410 2431 749 2488 carminibus
802 2432 971 2503 epicis
1011 2434 1331 2505 assumptis,
1409 2431 1564 2500 Quae
1602 2449 1736 2487 vero
1777 2430 1845 2487 de
1885 2432 1972 2486 his
2024 2432 2256 2487 vocibus
2307 2429 2396 2487 di-

252 2516 456 2586 ximus,
498 2531 567 2569 ea
593 2514 661 2569 de
687 2512 880 2568 multis
907 2512 1031 2568 aliis
1058 2533 1094 2569 a
1118 2514 1510 2570 Rutheriordio
1538 2512 1769 2586 prolatis
1797 2513 1977 2569 evinci
2002 2530 2169 2586 posse
2196 2513 2395 2568 existi-

252 2613 474 2653 mamus
526 2595 691 2651 sicuti
737 2593 805 2650 de
844 2598 1004 2649 αἰνέω
1046 2598 1104 2650 et
1142 2599 1386 2666 ἐπαινέω,
1441 2595 1509 2651 de
1548 2594 1751 2668 quibus
1790 2594 2110 2650 conseratur
2146 2594 2396 2651 Ruther-

252 2677 462 2733 fordius
501 2676 533 2732 l.
569 2694 612 2733 c.
651 2694 701 2750 p.
736 2676 844 2731 362
896 2675 1173 2748 huiusque
1235 2677 1645 2733 dissertationis
1690 2694 1741 2749 p.
1776 2676 1850 2732 54
1869 2695 1965 2749 sq.,
2019 2680 2083 2732 at
2139 2680 2395 2732 nostrum

253 2778 368 2815 non
407 2762 496 2815 est
532 2758 639 2814 hoc
676 2757 796 2813 loco
835 2758 894 2813 in
932 2756 1040 2812 illis
1079 2760 1422 2828 argumentis
1459 2758 1774 2814 refutandis
1813 2758 2029 2814 morari.

434 2844 585 2912 ἔχω.
636 2839 701 2895 fr.
728 2841 869 2911 5,10
893 2842 1037 2894 τοῦτ’
1069 2842 1180 2910 ἔχοι
1207 2844 1363 2911 γέρας
1412 2840 1476 2897 fr.
1503 2840 1592 2910 37,
1614 2841 1648 2896 5
1676 2842 1790 2895 οἷον
1816 2843 1926 2911 ἔχω
1952 2842 2120 2895 πόνον
2164 2839 2227 2895 fr.
2252 2806 2341 2908 70,
2358 2839 2397 2895 2
2434 2871 2435 2874 ¹

254 2926 423 2994 ἔχει..
450 2926 648 2993 ὑγίειαν
695 2920 759 2979 fr.
787 2920 859 2978 79
897 2923 1067 2976 ὕπνον
1106 2924 1259 2991 ἔχων.

434 3008 619 3075 ἴσχω.
682 3002 746 3058 fr.
773 3003 907 3073 51,1
950 3005 1079 3073 ἴσχει
1118 3004 1178 3057 ὀέ
1213 3025 1320 3072 με.
1350 3050 1359 3060 .
1389 3049 1400 3058 .
1442 3005 1764 3075 ὀρυμαγδός.
1838 3003 2079 3059 Interest
2116 3001 2265 3076 apud
2304 3001 2392 3057 Si-

257 3085 534 3141 monidem
585 3085 751 3141 sicuti
800 3084 1006 3158 ubique
1059 3082 1207 3156 apud
1248 3085 1429 3155 epicos
1479 3087 1627 3141 inter
1676 3084 1886 3141 formas
1937 3088 2074 3156 ἔχειν
2114 3089 2174 3140 et
2210 3087 2388 3155 ἴσχειν,

260 3166 405 3238 quod
443 3167 574 3222 huic
612 3167 699 3224 vis
739 3166 934 3222 subest
973 3164 1218 3233 tenendi,
1271 3164 1349 3219 illi
1389 3185 1541 3223 mera
1578 3166 1843 3236 habendi;
1895 3184 2041 3240 quae
2081 3165 2398 3222 differentia

259 3250 656 3318 posterioribus
709 3247 1054 3321 temporibus
1105 3245 1501 3319 pedetemptim
1555 3249 1804 3318 evanuit,
1862 3248 2181 3304 conferatur
2215 3246 2395 3303 veluti

260 3327 416 3384 Pind.
453 3330 617 3402 Pyth.
643 3330 825 3402 X1,29
865 3333 994 3401 ἴσχει
1030 3350 1084 3384 τε
1123 3328 1223 3398 γὰρ
1262 3330 1421 3398 ὄλβος
1459 3333 1522 3385 οὗ
1560 3333 1746 3402 μείονα
1786 3332 2012 3401 φθόνον.

442 3492 492 3546 ¹⁸)
522 3489 727 3535 καθεύδω
767 3507 841 3551 ap.
874 3495 1086 3538 oratores
1117 3490 1302 3536 Atticos
1332 3491 1751 3553 Thucydidemque
1790 3506 1987 3551 semper,
2028 3486 2136 3534 εὕδω
2166 3489 2392 3538 Herodot-

267 3553 298 3605 1.
315 3555 373 3599 84
393 3590 402 3600 .
419 3557 508 3602 209
541 3558 757 3603 Heraclit.
779 3559 916 3617 irgm.
943 3559 964 3605 1
985 3593 996 3605 .
1012 3558 1068 3604 21
1086 3591 1099 3604 .
1114 3557 1175 3603 26
1194 3556 1264 3601 bis
1286 3556 1442 3614 (Diels)
1474 3558 1752 3618 Xenophon.
1774 3562 1949 3633 Cyneg.
1965 3557 2019 3610 V.
2039 3556 2090 3601 ll
2123 3556 2307 3602 Platon.
2329 3558 2395 3606 81.

268 3643 320 3650 -
354 3621 621 3681 ἀποθνῄσκω
651 3637 725 3680 ap.
750 3630 882 3669 orato
855 3639 959 3671 ores
979 3624 1164 3671 Atticos
1195 3635 1389 3681 semper
1422 3622 1601 3683 θνῄσκω
1632 3627 1759 3671 haud
1790 3624 1954 3684 paucis
1983 3622 2099 3667 locis
2119 3635 2195 3681 ap.
2217 3623 2418 3682 Hippoe·

297 3689 459 3736 ra‚t0m
492 3701 563 3745 ap.
595 3688 743 3734 Thuc.
775 3689 827 3740 11.
845 3690 897 3734 51
933 3697 1019 3743 ter,
1051 3688 1220 3736 deinde
1251 3702 1326 3747 ap.
1359 3689 1444 3734 Pla
1447 3693 1478 3733 t.
1511 3692 1708 3738 Aristot.
2415 3712 2417 3715 ’

447 3750 497 3802 ²⁹)
529 3752 779 3799 Praeterea
808 3769 891 3797 κατ
865 3755 1130 3817 τωθνῄοιω
1158 3755 1311 3813 ipsum
1344 3769 1531 3815 quoque
1563 3758 1801 3815 poeticum
1821 3754 2133 3813 compositum
2155 3755 2394 3811 invenitur

271 3812 721 3870 Almazo.280.2
762 3819 1222 3878 Sapph.62,168,l
1256 3820 1381 3867 alibi.
