2450 4146
1123 218 1494 273 ..60-

243 371 503 429 Classical
540 369 756 423 Review
795 365 900 420 vol.
927 364 1028 419 XII
1066 383 1116 436 p.
1144 364 1217 420 37
1269 363 1438 418 aliam
1489 364 1911 436 supponendam
1965 382 2087 420 esse
2140 365 2379 433 censuit,
2442 346 2450 403 l

239 469 385 523 quae
424 467 537 504 non
577 447 757 502 solum
796 445 1091 517 lyricorum
1130 446 1351 516 utrique
1389 444 1526 513 loco,
1569 448 1634 500 ut
1659 446 1931 518 opinatur,
1972 463 2167 501 verum
2208 447 2380 502 etiam
2445 458 2450 522 g

238 531 530 588 Homerico
569 528 644 583 illi
674 527 1038 583 satisfaceret
1116 526 1263 581 Dicit
1289 525 1452 595 enim,
1495 543 1622 581 cum
1647 529 1859 598 χλωρός
1883 528 2008 583 voci
2045 545 2160 583 non
2197 527 2380 595 solum
2446 567 2450 598 :⁴

238 612 433 669 coloris
463 610 667 675 viridiS‚
709 608 809 663 sed
848 608 1018 663 etiam
1046 607 1289 676 vigentis
1329 607 1575 662 cuiusvis
1613 608 1691 663 rei
1720 609 2057 678 significatio
2084 609 2237 677 insit,
2277 611 2381 664 aut
2446 613 2450 665 ⁴.

238 712 363 750 esse
403 689 760 760 cogitandum
800 689 868 744 de
908 689 1119 760 liquida
1153 706 1289 744 voce
1317 692 1419 743 aut
1457 687 1525 743 de
1561 688 1700 745 collo
1738 690 1986 746 flexibili.
2043 689 2160 745 Nec
2185 692 2381 746 tamen

239 792 476 846 usquam
527 772 653 827 voci
710 773 937 841 χλωρός,
990 771 1252 843 quotiens
1307 769 1578 826 translate
1631 775 1948 843 usurpa-tur,
2004 771 2275 841 agilitatis
2313 788 2382 827 ac

240 855 565 911 mobilitatis
607 853 804 908 subest
842 853 946 921 via
989 851 1090 907 sed
1128 852 1335 924 ubique
1369 852 1577 921 vigoris
1615 855 1854 917 recentis
1893 858 1952 908 et
1990 852 2378 918 adolescentis,

236 938 316 992 sic
343 938 515 991 etiam
540 935 599 989 in
624 934 717 989 illo
744 934 937 1004 χλοερὰ
964 936 1163 1004 ῥέεθρα
1192 933 1316 988 Eur.
1338 934 1542 988 Phoen.
1566 933 1675 989 659
1703 952 1739 989 a
1763 935 1883 989 viro
1911 935 2075 990 docto
2102 933 2381 996 Marindin

237 1036 334 1090 pro
362 1022 691 1086 argumento
732 1015 923 1083 allato,
965 1033 1209 1087 namque
1251 1015 1318 1070 de
1356 1014 1529 1070 fontis
1571 1033 1721 1088 aqua
1757 1017 1968 1072 recenti
2008 1034 2075 1072 ac
2113 1033 2255 1088 pura
2290 1032 2380 1071 res

236 1103 341 1169 est,
384 1098 476 1154 cfr.
516 1098 671 1153 Pind.
712 1097 869 1152 Nem.
897 1097 1040 1165 VIII,
1061 1097 1137 1152 40
1175 1099 1408 1167 χλωραῖς
1447 1100 1665 1167 ἐέρσαις,
1704 1115 1886 1170 neque
1926 1115 2089 1154 secus
2127 1097 2381 1153 iudican-

234 1180 371 1235 dum
422 1181 511 1235 est
549 1178 617 1235 de
656 1178 912 1252 Aeschyl.
953 1181 1147 1249 Agam.
1175 1179 1285 1235 677
1323 1181 1539 1250 χλωρόν
1583 1201 1636 1234 τε
1674 1181 1765 1234 καὶ
1801 1182 2061 1250 βλέποντα
2126 1177 2380 1251 Sophocl.

235 1262 430 1318 Trach.
457 1261 568 1318 847
607 1263 807 1317 ἀδινῶν
844 1263 1062 1332 χλωρὰν
1098 1265 1263 1331 τέγγει
1302 1263 1558 1330 δακρύων
1595 1264 1764 1332 ἄχναν
1816 1261 1961 1317 1055
1998 1262 2212 1332 χλωρὸν
2249 1262 2381 1330 αἷμα

235 1344 353 1416 (ubi
393 1344 560 1400 schol„
594 1348 745 1399 recte
784 1347 923 1412 νέον)
963 1342 1234 1399 Theocrit.
1262 1342 1390 1397 XIV
1396 1343 1492 1411 ‚70
1530 1345 1659 1413 γόνυ
1699 1345 1914 1414 χλωρόν
1953 1342 2188 1416 aliisque
2226 1341 2380 1411 locis,

236 1426 330 1481 cfr.
372 1425 521 1481 Suid.
561 1444 603 1481 s.
623 1444 677 1480 v.
715 1427 929 1496 χλωρόν
950 1444 960 1455 ·
1002 1426 1063 1480 τὸ
1091 1427 1336 1496 ἀκμάζον
1373 1426 1709 1494 Μένανδρος.
1750 1423 2023 1480 Videlicet
2059 1426 2384 1495 χλωραύχην

235 1507 552 1564 Simonides
592 1507 726 1563 dicit
750 1507 1055 1562 Homerum
1083 1510 1311 1562 secutus
1336 1508 1552 1579 proprie
1594 1507 1661 1562 de
1688 1506 1828 1562 collo
1869 1506 2031 1562 viridi
2056 1505 2381 1578 (lusciniae),

236 1589 601 1663 Bacchylides
640 1588 916 1645 translate
956 1589 1023 1644 de
1050 1590 1313 1659 virgineo.
1379 1589 1642 1644 Similiter
1666 1588 1982 1644 formantur
2019 1587 2170 1660 apud
2197 1588 2382 1659 epicos

233 1674 488 1743 ἐριαύχην
508 1672 685 1741 (Hom.
706 1673 757 1726 A
771 1671 878 1727 159
899 1670 1067 1740 alibi),
1087 1673 1379 1742 λασιαύχην
1394 1671 1600 1744 (hymn.
1622 1670 1785 1726 Mero.
1805 1670 1917 1726 224
1954 1668 2263 1743 hymn.VII‚
2272 1668 2382 1738 46).

416 1755 705 1809 ἀναδέω.
782 1753 855 1831 fr..
892 1753 975 1822 10,
1005 1754 1040 1807 2
1086 1755 1309 1809 τοσάσδε
1348 1796 1359 1808 .
1400 1795 1412 1808 .
1453 1796 1464 1808 .
1504 1755 1796 1824 ἀνεδήσατο
1834 1755 1996 1812 νίκας.
2072 1750 2192 1808 Hoc
2230 1768 2382 1807 oom-

235 1836 483 1908 positum
533 1836 773 1907 primum
824 1834 976 1907 apud
1023 1834 1363 1890 Simonidem
1415 1835 1671 1904 occurrit;
1725 1838 1788 1889 at
1826 1833 2101 1890 Homerus
2153 1833 2384 1889 exhibet

237 1920 534 1989 ἀναδέσμη;
572 1917 730 1972 verbi
769 1919 982 1972 ἀναόέω
1022 1917 1273 1972 activum
1312 1920 1371 1972 et
1410 1916 1654 1971 medium
1693 1933 1869 1984 genus
1903 1917 2054 1988 apud
2079 1913 2379 1970 Pindarum

239 1999 438 2055 deinde
490 2000 549 2053 in
600 2017 709 2054 usu
762 2002 850 2054 est
901 2001 1072 2070 atque
1110 1999 1378 2071 imprimis
1418 1999 1486 2054 de
1525 1997 1782 2053 ludorum
1820 1996 2126 2053 victoribus
2164 1996 2379 2067 dicitur,

237 2081 336 2152 qui
374 2098 579 2136 corona
616 2083 873 2153 tempora
910 2080 1225 2150 redimiunt,
1278 2080 1388 2136 vid.
1428 2080 1592 2154 Pyth.
1632 2080 1755 2148 11,ss
1801 2080 1993 2134 Isthm.
2032 2079 2096 2149 11,
2124 2078 2191 2135 15
2230 2077 2380 2148 alibi,

236 2162 374 2217 item
414 2180 499 2234 ap.
539 2162 796 2235 Bacchyl.
837 2162 930 2231 IX,
958 2162 1025 2218 16
1078 2165 1136 2217 et
1185 2163 1244 2217 in
1294 2180 1461 2235 prosa
1499 2162 1755 2218 dictione.
1831 2161 2008 2216 Paulo
2047 2159 2382 2217 insolentius

237 2243 550 2300 Simonides
578 2243 710 2299 dicit
748 2247 1058 2300 ἀναδεῖσθαι
1088 2248 1253 2314 νίκας,
1294 2244 1391 2300 ubi
1429 2247 1821 2316 exspectamus
1859 2245 2042 2314 χαίταν
2078 2241 2171 2298 vel
2202 2240 2381 2297 simile

237 2324 465 2398 aliquid,
520 2326 609 2380 cfr.
652 2325 1054 2382 Schneidewin.
1082 2326 1167 2385 „ad
1204 2326 1256 2383 h.
1295 2326 1396 2382 loc.
1471 2325 1657 2381 Minus
1710 2329 1859 2381 recte
1912 2323 2181 2394 Bergkius
2230 2322 2383 2379 hunc

236 2407 421 2463 locum
463 2407 781 2463 detrimenti
821 2407 1031 2481 aliquid
1071 2409 1282 2481 cepisse
1322 2411 1501 2481 putat.

418 2492 608 2544 ἀντεί
617 2511 648 2544 ν
661 2510 724 2543 ω.
782 2489 844 2543 fr.
873 2490 976 2556 8,2
1016 2497 1194 2560 χεῖρας
1233 2493 1493 2546 ἀντείναιτ“
1529 2493 1595 2544 ἂν
1634 2489 1910 2562 ἒναντί(ον)
1948 2490 2109 2558 αὐτῷ.
2167 2486 2381 2544 Deinde

237 2570 391 2644 apud
428 2570 732 2627 Pindarum
772 2570 1162 2644 Bacchylidem
1202 2573 1356 2629 alios,

419 2655 747 2724 ἕξαρκέω.
824 2651 887 2707 fr.
916 2652 949 2706 3
989 2652 1295 2710 Hill.-Crus.
1335 2654 1402 2725 (=
1427 2655 1461 2709 5
1494 2652 1651 2723 ng.)
1688 2671 1740 2707 v.
1773 2652 1839 2708 17
1892 2654 2109 2722 ἐξαρκεῖ
2152 2654 2202 2721 γ’
2245 2652 2380 2721 ἐμοί.

239 2739 302 2796 ὃς
340 2739 406 2790 ἂν
444 2738 545 2791 κτὲ.
622 2733 788 2806 Apud
840 2733 1023 2806 epicos
1070 2738 1250 2804 ἀρκέω
1304 2740 1361 2792 et
1400 2736 1769 2807 compositum
1807 2736 2056 2803 ἐπαρκέω
2094 2732 2382 2789 notionem

240 2817 516 2889 praebent
557 2819 620 2872 ut
657 2815 881 2871 videtur
918 2816 1218 2885 genuinam
1264 2816 1550 2886 „arcendi“
1594 2816 1687 2872 vel
1725 2816 1867 2871 satis
1905 2813 2133 2871 valendi
2170 2813 2244 2869 ad
2283 2813 2381 2870 de-

239 2899 568 2969 fensionem,
609 2898 758 2954 unde
799 2898 1021 2952 omnino
1062 2898 1215 2952 notio
1257 2901 1397 2954 satis
1436 2897 1661 2955 valendi
1699 2898 1818 2952 sive
1847 2896 2159 2953 sufficiendi
2185 2898 2382 2952 exorta

241 2983 344 3050 est,
400 2998 544 3053 quae
596 2980 835 3053 primum
885 2979 1186 3050 conspicua
1237 2986 1325 3035 est
1376 2983 1431 3036 in
1473 2980 1656 3036 Solon.
1697 2980 1757 3035 fr.
1798 2980 1849 3047 ὃ,
1887 2981 1907 3034 l
1953 2980 2115 3035 ὅσσον
2152 2979 2387 3046 ἀπαρκεῖ

241 3062 317 3133 (v.
344 3061 377 3117 1.
417 3063 693 3135 ἐπαρκεῖ);
733 3063 973 3132 ἐξαρκέω
999 3058 1128 3115 inde
1157 3078 1192 3114 a
1219 3060 1515 3118 Simonidis
1542 3061 1885 3134 temporibus
1913 3060 2139 3132 saepius
2163 3057 2380 3129 legitur.

420 3146 778 3215 ἐξελέγχω.
854 3141 919 3198 fr.
958 3142 1096 3206 75,1
1141 3143 1390 3212 ἐξελέγχει
1428 3142 1548 3218 <ὁ’>
1586 3146 1618 3199 ὁ
1654 3145 1771 3204 νέος
1811 3143 1955 3203 οἶνος
1993 3144 2060 3197 οὐ
2097 3142 2156 3196 τὸ
2193 3143 2380 3209 πέρυσι

243 3224 424 3293 δῶρον
443 3227 698 3295 ἀμπέλου.
737 3226 968 3295 Ἐλέγχω
996 3226 1055 3278 et
1078 3224 1376 3292 κατελέγχει)
1403 3225 1766 3280 inveniuntur
1790 3223 1904 3279 iam
1932 3241 2018 3295 ap.
2037 3222 2199 3278 Hom.
2218 3222 2257 3275 I
2268 3220 2377 3276 522

243 3326 286 3372 φ
318 3305 429 3361 424
504 3306 727 3362 Hesiod.
755 3307 889 3380 Opp.
918 3306 1027 3361 714
1100 3304 1250 3377 Tyrt.
1284 3304 1365 3370 10,
1394 3307 1442 3360 9.
1532 3307 1656 3362 Alio
1710 3305 1930 3378 quidem
1983 3321 2155 3360 sensu
2203 3304 2376 3373 atque

248 3385 556 3442 Simonides
597 3390 900 3460 composito
939 3389 1196 3457 ἐξελέγχω
1235 3388 1471 3441 utuntur
1510 3388 1781 3444 Pindarus
1821 3386 1901 3443 01.
1940 3386 2099 3458 X‚53
2136 3385 2172 3439 ὅ
2204 3385 2249 3436 τ’
2293 3386 2375 3446 ἐξ-

247 3466 473 3535 ελέγχων
510 3472 678 3538 μόνος
716 3472 970 3525 ἀλάθειαν
1015 3471 1268 3539 ἐτήτυμον
1306 3467 1522 3536 Χρόνος
1579 3469 1974 3538 „examinans“
2036 3464 2374 3536 „indicans“‚

250 3543 399 3600 Nem.
439 3548 505 3616 X,
527 3551 599 3604 46
650 3553 778 3604 ἀλλὰ
818 3553 1018 3621 χαλκὸν
1053 3551 1246 3621 μυρίον
1283 3550 1348 3602 οὐ
1389 3551 1611 3604 δυνατὸν
1650 3553 1932 3621 ἐξελέγχειν
1981 3549 2370 3618 „enumerare“

253 3627 309 3675 et
352 3630 558 3695 tragici,
615 3630 762 3702 apud
805 3649 944 3701 quos
984 3631 1303 3705 plerumque
1344 3632 1677 3699 coarguendi
1715 3590 2008 3687 subicitur„
2021 3627 2122 3695 viS,
2178 3626 2374 3682 eodem

252 3719 357 3770 quo
393 3707 701 3764 Simonides
742 3727 910 3764 sensu
951 3710 1237 3786 Euripides
1278 3727 1389 3765 uno
1430 3709 1548 3767 loco
1578 3712 1655 3767 ΕΙ.
1684 3714 1756 3769 36
1795 3714 1861 3768 οὐ
1900 3710 1966 3779 ὀὴ
2005 3709 2158 3762 τοῦτό
2198 3712 2239 3780 γ’
2288 3711 2374 3772 ἐξ·

250 3782 539 3852 ελέγχομαι.
616 3790 885 3860 Persaepe
926 3793 1124 3861 legitur
1161 3789 1310 3863 apud
1350 3797 1597 3848 oratores
1637 3793 1868 3848 Atticos.
