2450 4146
995 209 1361 263 -23.„

114 355 429 410 communia
444 356 502 428 ³),
542 355 831 427 Euripides
885 374 956 410 ex
1011 373 1122 411 uno
1177 359 1233 410 et
1283 355 1482 424 viginti
1520 373 1663 426 quae
1716 354 1944 408 exhibet
1981 352 2235 407 undecim

113 436 280 490 debet
304 435 582 508 Aeschylo
622 439 681 491 et
708 437 1026 508 Sophoclif)
1090 437 1254 508 Apud
1280 436 1707 508 Xenophontem
1745 452 1902 506 porro
1943 451 2068 488 cum
2104 432 2229 504 plus

113 517 308 586 viginti
358 517 476 571 eius
527 517 675 571 modi
729 517 1074 573 conformata
1123 518 1446 586 invenerim,
1505 534 1575 571 ex
1612 516 1891 571 Herodoto
1943 517 2134 569 tamen
2175 515 2232 566 ct

111 596 429 670 Thucydide
469 597 669 652 afferre
709 616 938 669 possum
975 598 1363 654 tantummodo
1403 599 1562 652 haec:

295 680 775 749 δυσμεταχείριστος
812 680 1000 735 Herdt.
1028 680 1142 750 VII,
1159 680 1268 734 236

294 761 644 830 δυσχείρωτος
680 761 870 816 Herdt.
902 761 1063 831 V11,9

293 843 620 911 δυσέμβατος
659 842 825 897 ThUC.
861 842 951 910 IV,
974 843 1041 896 lO

295 923 692 992 δυσπρόσβατος
730 923 896 978 Thuo.
930 923 1022 994 IV,
1044 923 1147 977 129

109 1000 249 1056 Item
285 1019 409 1058 raro
462 1006 759 1058 occurrunt
810 1005 959 1076 apud
1010 1007 1255 1058 oratores
1309 1005 1654 1076 comicosque
1694 1005 1924 1059 Atticos,
2001 1002 2226 1058 Vitasse

103 1081 302 1154 lyricos
339 1083 792 1139 haecvocabula
831 1103 866 1139 a
902 1086 1124 1153 tragicis
1163 1088 1283 1139 tam
1330 1086 1595 1140 adamata
1642 1088 1872 1157 apparet
1911 1102 1940 1138 e
1978 1084 2225 1152 vocibUS‚

104 1163 286 1235 qualis
337 1168 426 1219 est
477 1167 747 1236 ὃυσπαλής
795 1166 951 1220 Pind.
990 1166 1154 1239 Pyth.
1179 1167 1270 1239 IV,
1290 1168 1398 1222 273
1440 1167 1518 1222 Ol.
1545 1167 1685 1234 VIII,
1709 1168 1779 1221 25
1833 1166 2047 1221 collatis
2100 1183 2226 1220 cum

100 1246 324 1314 tragicis
346 1248 726 1307 δυσπάλαιστος
745 1247 999 1319 Aeschyl.
1021 1248 1259 1319 Ghoeph.
1280 1248 1388 1303 692
1419 1248 1604 1319 Suppl.
1624 1248 1734 1302 468
1764 1247 2013 1318 Sophocl.
2034 1247 2093 1302 fr.
2115 1248 2224 1301 838

99 1323 282 1397 Eurip.
308 1328 423 1382 Alo.
452 1329 559 1384 889
600 1327 787 1400 Suppl.
820 1329 960 1384 1108
998 1329 1082 1401 (at
1120 1333 1437 1390 ἀπάλαιστος
1473 1330 1630 1384 Pind.
1668 1328 1822 1383 Nem.
1850 1328 1940 1397 IV,
1965 1329 2073 1400 94).

275 1458 454 1514 Multa
492 1464 624 1516 sunt
664 1461 908 1517 Graecae
946 1463 1168 1531 linguae
1217 1464 1650 1534 composita,
1705 1480 1849 1533 quae
1902 1461 2222 1516 efficiuntur

96 1539 266 1595 verbo
321 1559 447 1595 cum
499 1544 721 1597 nomine
769 1545 1061 1599 coniuncto
1101 1545 1198 1614 ita,
1251 1548 1316 1598 ut
1366 1562 1570 1599 nomen
1607 1547 1823 1616 partem
1860 1544 2221 1615 posteriorem

98 1621 352 1677 obtineat
402 1626 460 1677 et
499 1641 529 1678 e
567 1624 736 1679 verbo
776 1626 1031 1696 pendeat.
1110 1626 1228 1692 Quo
1280 1628 1339 1680 in
1391 1626 1818 1696 compositorum
1856 1642 2054 1693 genere
2104 1641 2221 1678 una

96 1705 185 1757 est
221 1705 432 1774 species
485 1722 690 1774 eorum,
744 1706 802 1759 in
841 1707 1041 1778 quibus
1082 1707 1225 1761 duae
1266 1709 1455 1779 partes
1507 1706 1805 1778 syllaba
1854 1704 2220 1760 interfixa

96 1805 236 1837 -σι-
274 1785 422 1839 inter
473 1803 532 1840 se
585 1786 1010 1856 coniunguntur,
1065 1787 1132 1843 de
1174 1808 1286 1860 qua
1324 1789 1642 1843 conferatur
1679 1788 1970 1858 praecipue
2012 1787 2216 1841 disser—

91 1866 234 1919 tatio
284 1866 389 1921 viri
442 1867 588 1921 docti
637 1866 876 1939 Osthoff,
917 1872 1039 1925 Das
1087 1872 1312 1927 Verbum
1362 1873 1423 1926 in
1474 1873 1569 1925 der
1606 1870 2216 1939 Nominallcomposition

90 1948 168 2001 im
191 1948 510 2018 Deutschen,
548 1950 933 2020 &riechischem
967 1953 1276 2007 Slavischen
1311 1955 1426 2008 und
1451 1952 1860 2007 Romanischen.
1899 1951 2044 2005 Jena
2071 1948 2216 2004 1878

90 2043 139 2097 p·
172 2027 448 2164 16933328
488 2129 708 2183 quoque
758 2113 1184 2183 compositorum
1223 2113 1437 2182 generis
1486 2114 1678 2168 auctor
1715 2111 1988 2166 Homerus
2026 2113 2213 2182 poste-

87 2189 292 2244 riorum
342 2194 637 2263 poetarum
695 2194 1064 2248 imitationem
1114 2195 1305 2263 movit,
1370 2195 1707 2249 choricorum
1763 2194 2025 2262 maxime3
2083 2192 2212 2246 inde

89 2271 260 2325 etiam
296 2272 355 2326 in
380 2272 695 2344 pedestrem
735 2276 1040 2329 orationem
1080 2275 1298 2330 serioris
1324 2276 1616 2346 praecipue
1657 2275 1861 2328 aetatis
1887 2274 2212 2346 pedetemp-

85 2351 188 2405 tim
225 2352 562 2424 irrepserunt
600 2356 740 2410 haec
778 2356 1066 2410 vocabula.

263 2433 505 2490 Exhibet
544 2437 691 2490 enim
719 2436 995 2491 Homerus
1035 2439 1152 2491 eius
1181 2437 1327 2491 modi
1354 2438 1659 2508 composita
1684 2437 1883 2505 viginti
1908 2437 2016 2491 tria
2048 2436 2208 2490 haec:

270 2518 550 2586 ἅερσίπους
906 2521 1225 2588 ἐρυσίπτολις
1533 2522 1900 2588 τανυσίπτερος

270 2599 622 2668 ἀεσιφροσύνη
907 2602 1183 2669 λυσιμελής
1533 2604 1917 2670 τερψίμβροτος

269 2681 600 2749 ἀλφεσίβοιος
906 2683 1286 2750 πηγεσίμαλλος
1530 2685 1916 2751 φαεσίμβροτος

267 2761 630 2819 ἕλκεσίπεπλος
905 2763 1200 2830 πλήξιππος
1526 2765 1810 2833 φθισήνωρ

266 2843 622 2910 εἷνοσίφυλλος
900 2844 1192 2912 πλησίστιος
1527 2847 1912 2913 φθισίμβροτος

267 2923 583 2990 ἐννοσίγαιος
893 2926 1141 2994 ῥηξήνωρ
1532 2929 1784 2994 φυσίζοος

266 3003 561 3071 ἐνοσίχθων
891 3006 1226 3075 ταλασίφρων
1529 3009 1887 3073 ὠλεσίκαρπος

264 3084 619 3152 ἐρυσάρματες
641 3083 819 3155 (plur.)
887 3089 1213 3156 ταμεσίχρως

264 3162 540 3217 Hesiodus
575 3163 762 3219 decem
800 3165 971 3220 habet
1009 3185 1131 3221 cum
1169 3167 1407 3222 Homero
1450 3165 1775 3231 communia,
1815 3181 1989 3217 unum
2026 3163 2193 3219 finxit

75 3260 284 3297 novum
311 3246 678 3314 ἀερσιπότητος
705 3246 837 3316 Opp.
854 3247 959 3303 777
986 3246 1097 3320 (cfr.
1121 3250 1291 3303 etiam
1313 3249 1477 3300 huius
1497 3246 1864 3299 imitationem
1885 3246 2192 3315 ἀερσιπότης

78 3322 225 3378 Scut.
247 3325 392 3398 316),
422 3325 753 3397 hymnorum
773 3329 970 3398 poetae
989 3333 1208 3399 praeter
1235 3331 1448 3398 septem
1467 3326 1757 3380 Homerica
1796 3325 1902 3379 duo
1927 3324 2191 3380 exhibent

254 3443 285 3499 ⁸)
318 3442 522 3487 Restant
562 3443 678 3486 haec
717 3445 1106 3501 quattuordecim:
1155 3443 1410 3502 δυσάλγητος
1440 3440 1792 3490 δυσαπάλλακτος
1822 3440 2063 3498 δυσέριστος
2093 3440 2188 3487 δυσ·-

73 3507 343 3566 θεράπευτος
373 3505 668 3567 δυσθρήνητος
698 3505 998 3570 δυσκάθαρτος
1024 3510 1302 3570 δυσκόμιστος
1323 3508 1591 3566 δυσλόγιστος
1612 3506 1928 3567 δυσμαχητ(έος)
1961 3507 2189 3557 δύσνιπτος

75 3569 346 3632 δυσοόριστος
376 3572 637 3630 δυσπόνητος
668 3571 1000 3635 δυσπρόσοιστος
1030 3576 1378 3638 δυσπρόσοπτος;
1410 3576 1490 3622 cfr.
1513 3576 1655 3620 etiam
1682 3576 1729 3620 C.
1752 3576 1802 3621 E.
1825 3576 2000 3635 Bishop
2030 3577 2060 3623 i.
2081 3578 2187 3625 Am.

73 3639 237 3686 Journ.
270 3642 330 3699 of
353 3642 470 3687 Phil.
503 3642 595 3686 vol.
617 3641 739 3687 XIII.

249 3706 283 3764 ⁴)
314 3707 513 3765 Reliqua
542 3709 654 3752 sunt
685 3707 824 3753 haec:
871 3706 1131 3767 δύσγνωστος
1172 3709 1480 3767 δυσεκπέρατος
1520 3705 1790 3765 δυσεξήνυτος
1820 3706 2059 3765 δύσθνητος
2089 3709 2183 3756 δυσ-

73 3769 312 3829 ξύμβλητος
341 3769 585 3825 δυσξύνετος
616 3770 880 3831 δυοπέρατος
910 3773 1191 3835 δυσπρόσιτος
1222 3774 1511 3821 δυστόπαστος
1543 3772 1844 3832 δυσφύλακτος.
