2450 4146
1134 244 1504 299 -52—

431 396 831 467 ἰοβ(γ)λέφαρος
867 393 1023 447 Pind.
1062 392 1126 447 fr.
1155 391 1263 448 307
1303 391 1561 465 Bacchyl.
1587 390 1782 463 XVIII,
1805 393 1839 448 5

430 480 628 536 ῑόόετος
665 474 819 529 Pind.
846 475 907 529 fr.
933 471 1155 548 75,7[6]

430 559 680 616 ῖόκολπος
717 555 901 629 Alcas.
941 554 1014 610 63

430 640 758 707 ῖοπλόκαμος
797 634 1003 692 Simon.
1033 636 1172 706 18,3
1211 635 1366 691 Pind.
1405 636 1567 709 Pyth.
1596 635 1685 706 Ι,1
1768 667 1771 670 <

428 722 678 785 ἷόπλοκος
743 718 925 775 Aleae.
967 718 1056 787 55,
1098 719 1122 772 1
1197 717 1354 772 Pind.
1393 717 1584 772 Isthm.
1623 716 1725 771 VII
1762 716 1896 791 (Vl),
1918 718 1989 773 23
2070 717 2150 774 Ol.
2190 717 2282 787 VI,
2317 720 2398 776 30
2448 759 2450 762 -

252 802 506 874 Bacchyl.
532 799 621 870 111,
638 800 704 855 71
749 798 891 869 VIII,
907 799 981 855 72
1044 798 1189 868 XVI,
1207 799 1279 855 37

428 885 737 952 ἰοστέφανος
763 880 947 937 Solon.
982 881 1066 950 19,
1082 880 1120 935 4
1158 881 1402 950 Theogn.
1430 881 1540 936 250
1560 922 1571 935 .
1599 880 1741 936 1304
1761 922 1772 935 .
1796 881 1941 936 1332
1963 923 1974 936 .
1998 881 2144 936 1383
2183 881 2397 940 Simon.

250 967 282 1022 l.
311 983 353 1022 c.
393 964 648 1037 Bacchyl.
675 963 824 1032 111,2
863 963 930 1032 V,
953 963 986 1018 3
1026 962 1143 1030 XII,
1174 963 1291 1019 122.
2422 1028 2440 1037 -

250 1046 464 1117 Tragici
504 1046 625 1100 eius
651 1046 869 1115 generis
909 1045 1218 1117 composita
1243 1062 1357 1100 non
1384 1045 1612 1099 habent.
1671 1045 2025 1116 Ἐυοτέφανος
2050 1047 2397 1118 ἐυπλόκαμος

251 1128 542 1185 sollemnia
581 1130 717 1182 sunt
755 1126 1007 1200 epitheta
1046 1127 1218 1228 opica,
1273 1126 1423 1199 apud
1475 1127 1716 1196 tragicos
1755 1126 1929 1182 semel
1966 1126 2169 1198 legitur
2206 1126 2394 1202 Eurip.

248 1210 361 1283 Iph.
394 1211 458 1265 A.
480 1210 590 1266 790
628 1211 1003 1279 εὖπλοκάμους
1027 1210 1204 1279 κόμας
1230 1209 1492 1264 videlicet
1528 1208 1665 1280 ipsis
1705 1207 1965 1278 crinibuS,
1995 1226 2108 1265 non
2148 1211 2214 1265 ut
2239 1209 2395 1283 apud

250 1298 463 1348 ceteros
501 1308 772 1363 personae
812 1291 1145 1363 appositum.

427 1375 853 1443 κενεόφρων.
910 1371 973 1427 fr.
1001 1373 1090 1440 75,
1108 1373 1141 1427 3
1169 1375 1199 1427 ὁ
1228 1374 1286 1427 δὲ
1310 1374 1490 1442 μῦθος
1516 1374 1609 1426 ὅδε
1634 1373 1959 1442 κενεόφρων.
2012 1371 2116 1428 Gfr.
2142 1372 2396 1442 Theogn

250 1455 358 1511 233
414 1456 728 1526 κενεόφρονι
786 1457 947 1525 δήμῳ
1023 1453 1133 1510 847
1173 1456 1335 1525 δήμῳ
1392 1456 1726 1525 κενεόφρονι;
1784 1453 1857 1509 ad
1913 1471 2002 1509 res
2060 1472 2097 1510 a
2150 1471 2398 1528 persona

249 1535 584 1592 transfertur
642 1537 788 1591 sicut
844 1553 929 1608 ap.
989 1534 1330 1591 Simonidem
1406 1535 1561 1590 Pind.
1608 1536 1763 1591 Nem.
1802 1534 1894 1606 XI,
1917 1536 1989 1592 29
2039 1538 2398 1608 κενεόφρονες

248 1619 419 1690 αὖχαι

428 1722 548 1770 κερ
564 1701 718 1760 όεις.
794 1699 858 1755 fr.
886 1700 975 1770 30,
992 1700 1025 1755 3
1065 1702 1324 1770 κεροέσσᾳ
1352 1743 1362 1753 .
1387 1743 1397 1753 .
1422 1744 1433 1755 .
1461 1702 1659 1770 ἐλάφῳ.
1725 1692 1829 1754 Gfr.
1844 1698 2062 1756 Weber.
2089 1698 2123 1755 l.
2150 1718 2192 1756 e.
2219 1718 2270 1773 p.
2297 1700 2389 1772 85,

250 1783 344 1855 qui
370 1782 521 1837 hunc
549 1781 846 1836 Simonidis
872 1781 1055 1837 locum
1084 1782 1271 1836 omisit
1298 1799 1414 1836 una
1441 1799 1565 1836 cum
1593 1777 1778 1853 Eurip.
1806 1780 1885 1836 El.
1908 1780 2018 1836 724
2042 1781 2389 1839 Phoen.835.

249 1864 369 1920 Vid.
410 1864 581 1919 etiam
621 1881 702 1933 ea,
742 1881 887 1935 quae
928 1862 1387 1918 Schneidewinus
1428 1863 1501 1918 ad
1541 1863 1669 1918 Sim.
1709 1863 1741 1919 l.
1772 1881 1813 1918 c.
1842 1866 2094 1921 annotat.

427 1948 779 2006 ποθεινός.
839 1944 902 2000 fr.
930 1945 1071 2013 71,2
1110 1948 1183 2005 τίς
1223 1988 1233 1999 .
1264 1989 1273 1999 .
1303 1987 1315 1999 .
1353 1948 1470 2015 βίος
1507 1946 1760 2005 ποθεινὸς
1788 1987 1798 1999 .
1827 1987 1837 1999 .
1865 1987 1876 1999 .
1918 1945 2073 2000 Haec
2098 1962 2211 2001 vox
2237 1944 2391 2018 apud

251 2030 435 2101 epicos
493 2045 606 2083 non
663 2028 958 2089 formatur,
1016 2027 1254 2099 primum
1313 2029 1503 2082 exstat
1559 2044 1644 2098 ap.
1686 2025 2063 2098 callin.1,16‚
2118 2045 2149 2083 e
2202 2026 2395 2100 lyricis

249 2115 539 2183 praeterea
589 2109 880 2181 Pindarus,
935 2127 965 2164 e
1016 2109 1242 2179 tragicis
1294 2108 1595 2181 Sophocles
1650 2108 1750 2176 bis,
1819 2107 2107 2180 Euripides
2159 2109 2394 2181 saepius

252 2192 480 2248 exhibet
518 2209 620 2246 nec
660 2191 819 2246 deest
857 2190 1007 2263 apud
1046 2191 1284 2246 comicos
1324 2193 1382 2245 et
1419 2192 1478 2244 in
1516 2189 1757 2263 pedestri
1798 2191 2050 2245 oratione
2088 2192 2293 2247 Attica.

433 2294 565 2343 σοφ
580 2275 610 2327 ό
625 2295 664 2333 ς.
728 2274 788 2328 fr.
818 2275 868 2342 5,
885 2272 919 2327 9
960 2280 1136 2343 σοφοῦ
1174 2274 1320 2343 παρὰ
1348 2273 1531 2350 φωτός
1579 2271 1643 2326 fr.
1676 2271 1742 2326 19
1782 2273 2116 2345 σοφώτατσ(ν
2140 2275 2275 2342 λέγει
2299 2274 2399 2328 τὸν

250 2357 480 2428 χρόνον).
566 2355 715 2426 Epici
770 2355 982 2409 habent
1020 2372 1218 2410 vocem
1257 2357 1416 2425 σοφίη
1458 2370 1692 2425 eamque
1732 2370 1854 2408 raro
1902 2371 1969 2409 ac
2018 2371 2116 2426 pro
2157 2354 2399 2424 singulis

252 2435 586 2511 quibusdam
664 2436 879 2490 artibus
954 2437 1047 2491 vel
1123 2436 1512 2492 habilitatibus
1577 2435 1812 2503 dictam,
1892 2435 1984 2490 cfr.
2012 2435 2171 2492 Hom.
2205 2436 2255 2492 Ο
2277 2432 2397 2492 412

250 2523 493 2579 τέκτονος
521 2563 530 2573 .
560 2560 571 2573 .
599 2519 702 2581 .,ὅς
741 2520 809 2587 ῥά
854 2539 907 2572 τε
957 2521 1131 2589 πάσης
1182 2519 1241 2573 εὗ
1275 2520 1407 2589 ἐἰδῇ
1446 2520 1638 2589 σοφίης
1694 2518 1745 2572 h.
1772 2517 1932 2573 Merc.
1959 2517 2070 2574 483
2106 2521 2262 2590 τέχνῃ
2300 2519 2400 2573 καὶ

1049 2601 1374 2622 ,,,,

254 2682 557 2754 eodemque
610 2698 780 2736 sensu
836 2680 1173 2737 adiectivum
1226 2684 1396 2752 σοφός
1436 2687 1670 2753 usurpat
1707 2680 1986 2736 Hesiodus
2032 2681 2097 2739 fr.
2125 2681 2234 2737 193
2273 2682 2388 2753 (cfr.

253 2763 453 2820 Archil.
481 2763 545 2819 fr.
571 2763 644 2818 45
683 2765 1011 2834 κυβερνήτην
1050 2765 1257 2835 σοφόν),
1300 2763 1475 2819 addas
1527 2762 1741 2832 Margit.
1780 2762 1843 2817 fr.
1871 2763 1905 2817 2
1945 2764 2020 2835 (p.
2047 2764 2120 2819 67
2160 2762 2398 2836 Kinkel)

253 2849 343 2901 τὸν
396 2849 444 2901 δ’
488 2848 598 2900 οὔτ’
649 2848 718 2915 ἂρ
769 2851 1044 2915 σκαπτῆρα
1109 2847 1226 2898 θεοὶ
1279 2849 1445 2901 θέσαν
1499 2848 1605 2901 οὔτ’
1656 2847 1890 2916 ἀροτῆρα
1955 2849 2062 2900 οὔτ’
2121 2847 2296 2906 ἄλλως
2343 2866 2390 2900 τι

255 2931 444 2999 σοφόν,
495 2930 670 2998 πάσης
710 2928 759 2982 ὅ’
802 2928 1069 2997 ἡμάρτανε
1119 2930 1314 2996 τέχνης.
1391 2926 1556 2999 Apud
1607 2928 1942 2999 posteriores
1994 2945 2126 2983 vero
2178 2928 2389 3000 passim

258 3010 606 3079 significatur
643 3008 868 3081 sapiens
907 3010 966 3062 et
1003 3007 1294 3078 sapientia.
1374 3008 1684 3064 Simonides
1711 3009 1935 3081 quidem
1963 3009 2388 3064 substantivum

258 3095 414 3161 σοφίη
457 3091 525 3146 ad
581 3093 757 3146 artem
808 3092 1007 3162 poetae
1059 3087 1258 3142 referre
1311 3091 1531 3145 videtur
1580 3090 1643 3145 fr.
1671 3090 1827 3160 70,1,
1883 3108 2009 3145 cum
2060 3089 2212 3146 dicat
2261 3091 2398 3146 οὐδὲ·

258 3174 419 3232 καλᾶς
459 3176 649 3242 σοφίας
676 3174 808 3227 ἐστὶν
833 3174 999 3242 χάρις,
1039 3173 1082 3225 εἶ
1106 3173 1181 3241 μή
1209 3191 1282 3229 τις
1309 3175 1425 3233 κτὲ.,
1468 3189 1705 3244 quocum
1727 3172 1977 3228 conferas
2004 3171 2188 3228 Solon.
2214 3172 2297 3238 13,
2314 3172 2388 3227 52

260 3255 468 3323 ἱμερτῆς
507 3257 697 3324 σοφίης
733 3256 927 3324 μέτρον
965 3253 1318 3322 ἐπιστάμενος,
1361 3256 1528 3325 atque
1557 3253 1751 3310 eadem
1780 3254 1935 3309 notio
1975 3255 2198 3326 saepius
2237 3252 2388 3325 apud

259 3331 558 3388 Pindarum
597 3336 890 3407 praecipue
931 3337 988 3390 et
1028 3331 1175 3406 apud
1214 3331 1603 3405 Bacchylidem
1643 3335 1914 3390 subicitur
1950 3334 2080 3390 huic
2117 3325 2253 3389 voci.

436 3420 744 3484 τερπνός.
803 3415 866 3471 fr.
886 3415 1016 3484 46,3
1052 3416 1412 3484 τερπνοτάτων
1448 3420 1667 3485 μελέων.
1726 3418 1969 3472 Primum
1987 3419 2051 3487 ⁸⁶)
2089 3414 2289 3485 legitur
2326 3417 2385 3471 in

265 3495 415 3561 poesi
486 3497 731 3565 elegiaca
787 3516 872 3570 ap.
934 3495 1257 3562 Mimn.1,1
1321 3497 1371 3564 5,
1396 3496 1429 3549 3
1469 3525 1512 3540 =
1551 3500 1792 3569 Theogn.
1826 3498 1966 3554 1019
2029 3496 2178 3568 Tyrt.
2208 3498 2294 3566 12,
2312 3497 2399 3554 38.

267 3569 481 3630 Semon.
508 3580 725 3645 Amorg.
753 3580 801 3645 7,
818 3580 888 3633 52
949 3578 1188 3647 Theogn.
1215 3577 1355 3631 256.
1378 3579 1517 3634 914.
1547 3581 1718 3637 1345.
1746 3580 1887 3636 1066
1913 3579 2399 3652 (ἔπιτερπνότερον).

445 3819 498 3873 ⁸⁸)
532 3834 623 3867 var.
657 3825 762 3868 lect.
794 3826 980 3881 τερπνὴν
1013 3842 1094 3888 pro
1124 3828 1301 3885 τέρπειν
1331 3827 1453 3872 θ45.
