<?xml version="1.0" encoding="UTF-8"?>
<!DOCTYPE html PUBLIC "-//W3C//DTD XHTML 1.0 Transitional//EN"
    "http://www.w3.org/TR/xhtml1/DTD/xhtml1-transitional.dtd">
<html xmlns="http://www.w3.org/1999/xhtml" xml:lang="en" lang="en">
 <head>
  <title>
</title>
<meta http-equiv="Content-Type" content="text/html;charset=utf-8" />
  <meta name='ocr-system' content='tesseract 3.04.00' />
  <meta name='ocr-capabilities' content='ocr_page ocr_carea ocr_par ocr_line ocrx_word'/>
</head>
<body>
  <div class='ocr_page' id='page_1' title='image "./desimonidisceime00schruoft_0059.png"; bbox 0 0 2450 4146; ppageno 0'>
   <div class='ocr_carea' id='block_1_1' title="bbox 0 701 4 1258">
    <p class='ocr_par' dir='ltr' id='par_1_1' title="bbox 0 701 4 1258">
     <span class='ocr_line' id='line_1_1' title="bbox 0 701 4 1258; baseline 0 0"><span class='ocrx_word' id='word_1_1' title='bbox 0 701 4 1258; x_wconf 95' lang='lat' dir='ltr'> </span> 
     </span>
    </p>
   </div>
   <div class='ocr_carea' id='block_1_2' title="bbox 946 245 1306 299">
    <p class='ocr_par' dir='ltr' id='par_1_2' title="bbox 946 245 1306 299">
     <span class='ocr_line' id='line_1_2' title="bbox 946 245 1306 299; baseline 0.003 -17"><span class='ocrx_word' id='word_1_2' title='bbox 946 245 1306 299; x_wconf 64' lang='lat'>..57-</span> 
     </span>
    </p>
   </div>
   <div class='ocr_carea' id='block_1_3' title="bbox 0 389 2192 3866">
    <p class='ocr_par' dir='ltr' id='par_1_3' title="bbox 63 389 2192 701">
     <span class='ocr_line' id='line_1_3' title="bbox 64 389 2192 463; baseline 0.002 -19"><span class='ocrx_word' id='word_1_3' title='bbox 64 389 466 458; x_wconf 81' lang='lat' dir='ltr'>negotiosum“.</span> <span class='ocrx_word' id='word_1_4' title='bbox 525 389 685 444; x_wconf 91' lang='lat' dir='ltr'>Hanc</span> <span class='ocrx_word' id='word_1_5' title='bbox 726 393 918 444; x_wconf 89' lang='lat' dir='ltr'>autem</span> <span class='ocrx_word' id='word_1_6' title='bbox 944 391 1048 445; x_wconf 91' lang='lat' dir='ltr'>hoc</span> <span class='ocrx_word' id='word_1_7' title='bbox 1075 408 1292 463; x_wconf 91' lang='lat' dir='ltr'>quoque</span> <span class='ocrx_word' id='word_1_8' title='bbox 1323 390 1618 446; x_wconf 84' lang='lat' dir='ltr'>Simonidis</span> <span class='ocrx_word' id='word_1_9' title='bbox 1652 391 1770 447; x_wconf 95' lang='lat' dir='ltr'>loco</span> <span class='ocrx_word' id='word_1_10' title='bbox 1812 393 2192 448; x_wconf 79' lang='lat' dir='ltr'>subiciendam</span> 
     </span>
     <span class='ocr_line' id='line_1_4' title="bbox 66 471 2188 542; baseline 0.002 -18"><span class='ocrx_word' id='word_1_11' title='bbox 66 487 190 524; x_wconf 90' lang='lat' dir='ltr'>esse</span> <span class='ocrx_word' id='word_1_12' title='bbox 243 471 486 541; x_wconf 89' lang='lat' dir='ltr'>putarim</span> <span class='ocrx_word' id='word_1_13' title='bbox 537 471 824 525; x_wconf 88' lang='lat' dir='ltr'>notionem</span> <span class='ocrx_word' id='word_1_14' title='bbox 871 489 906 525; x_wconf 92' lang='lat' dir='ltr'>a</span> <span class='ocrx_word' id='word_1_15' title='bbox 944 472 1186 540; x_wconf 88' lang='lat' dir='ltr'>genuina</span> <span class='ocrx_word' id='word_1_16' title='bbox 1225 489 1362 526; x_wconf 92' lang='lat' dir='ltr'>sane</span> <span class='ocrx_word' id='word_1_17' title='bbox 1401 472 1554 526; x_wconf 90' lang='lat' dir='ltr'>haud</span> <span class='ocrx_word' id='word_1_18' title='bbox 1592 473 1830 527; x_wconf 90' lang='lat' dir='ltr'>multum</span> <span class='ocrx_word' id='word_1_19' title='bbox 1870 474 2188 542; x_wconf 83' lang='lat' dir='ltr'>distantem,</span> 
     </span>
     <span class='ocr_line' id='line_1_5' title="bbox 63 552 2189 625; baseline 0.003 -21"><span class='ocrx_word' id='word_1_20' title='bbox 63 568 196 604; x_wconf 91' lang='lat' dir='ltr'>nam</span> <span class='ocrx_word' id='word_1_21' title='bbox 247 569 390 622; x_wconf 91' lang='lat' dir='ltr'>quae</span> <span class='ocrx_word' id='word_1_22' title='bbox 445 552 699 606; x_wconf 76' lang='lat' dir='ltr'><strong>certatim</strong></span> <span class='ocrx_word' id='word_1_23' title='bbox 750 552 914 620; x_wconf 85' lang='lat' dir='ltr'>fiunt,</span> <span class='ocrx_word' id='word_1_24' title='bbox 970 570 1038 606; x_wconf 90' lang='lat' dir='ltr'>ea</span> <span class='ocrx_word' id='word_1_25' title='bbox 1089 552 1337 607; x_wconf 79' lang='lat' dir='ltr'>celeriter</span> <span class='ocrx_word' id='word_1_26' title='bbox 1391 571 1718 625; x_wconf 91' lang='lat' dir='ltr'>summaque</span> <span class='ocrx_word' id='word_1_27' title='bbox 1767 558 1822 611; x_wconf 90' lang='lat' dir='ltr'>vi</span> <span class='ocrx_word' id='word_1_28' title='bbox 1862 574 1927 610; x_wconf 92' lang='lat' dir='ltr'>ac</span> <span class='ocrx_word' id='word_1_29' title='bbox 1966 556 2189 623; x_wconf 85' lang='lat' dir='ltr'>negotio</span> 
     </span>
     <span class='ocr_line' id='line_1_6' title="bbox 64 634 319 701; baseline 0 -15"><span class='ocrx_word' id='word_1_30' title='bbox 64 634 319 701; x_wconf 88' lang='lat' dir='ltr'>aguntur.</span> 
     </span>
    </p>

    <p class='ocr_par' dir='ltr' id='par_1_4' title="bbox 0 715 2191 1519">
     <span class='ocr_line' id='line_1_7' title="bbox 242 715 2190 786; baseline 0.004 -20"><span class='ocrx_word' id='word_1_31' title='bbox 242 715 591 773; x_wconf 81' lang='grc' dir='ltr'><em>ἀδίαντος.</em></span> <span class='ocrx_word' id='word_1_32' title='bbox 668 715 728 769; x_wconf 82' lang='lat' dir='ltr'>fr.</span> <span class='ocrx_word' id='word_1_33' title='bbox 768 716 855 784; x_wconf 84' lang='lat'>37,</span> <span class='ocrx_word' id='word_1_34' title='bbox 879 716 912 769; x_wconf 84' lang='lat'><strong>3</strong></span> <span class='ocrx_word' id='word_1_35' title='bbox 966 717 1102 784; x_wconf 80' lang='grc' dir='ltr'><em>(οὐκ)</em></span> <span class='ocrx_word' id='word_1_36' title='bbox 1151 717 1462 770; x_wconf 89' lang='grc' dir='ltr'><em>ἀδιάντοισιν</em></span> <span class='ocrx_word' id='word_1_37' title='bbox 1511 724 1760 786; x_wconf 84' lang='grc' dir='ltr'><em>παρειαῖς.</em></span> <span class='ocrx_word' id='word_1_38' title='bbox 1836 718 2190 772; x_wconf 74' lang='lat' dir='ltr'>Adiectivum</span> 
     </span>
     <span class='ocr_line' id='line_1_8' title="bbox 64 793 2189 853; baseline 0.003 -6"><span class='ocrx_word' id='word_1_39' title='bbox 64 794 289 848; x_wconf 90' lang='lat' dir='ltr'>verbale</span> <span class='ocrx_word' id='word_1_40' title='bbox 329 793 642 849; x_wconf 81' lang='lat' dir='ltr'>derivatum</span> <span class='ocrx_word' id='word_1_41' title='bbox 683 796 750 850; x_wconf 90' lang='lat' dir='ltr'>de</span> <span class='ocrx_word' id='word_1_42' title='bbox 776 797 946 851; x_wconf 90' lang='lat' dir='ltr'>verbo</span> <span class='ocrx_word' id='word_1_43' title='bbox 976 799 1158 851; x_wconf 86' lang='grc' dir='ltr'><em>διαίνω</em></span> <span class='ocrx_word' id='word_1_44' title='bbox 1186 797 1257 851; x_wconf 91' lang='lat' dir='ltr'>ab</span> <span class='ocrx_word' id='word_1_45' title='bbox 1284 797 1509 851; x_wconf 87' lang='lat' dir='ltr'>Homeri</span> <span class='ocrx_word' id='word_1_46' title='bbox 1535 814 1788 852; x_wconf 81' lang='lat' dir='ltr'>sermone</span> <span class='ocrx_word' id='word_1_47' title='bbox 1814 798 1965 852; x_wconf 91' lang='lat' dir='ltr'>haud</span> <span class='ocrx_word' id='word_1_48' title='bbox 1992 798 2189 853; x_wconf 88' lang='lat' dir='ltr'>aliene.</span> 
     </span>
     <span class='ocr_line' id='line_1_9' title="bbox 61 874 2191 948; baseline 0.003 -20"><span class='ocrx_word' id='word_1_49' title='bbox 61 874 112 928; x_wconf 93' lang='lat' dir='ltr'>A</span> <span class='ocrx_word' id='word_1_50' title='bbox 141 874 422 930; x_wconf 87' lang='lat' dir='ltr'>Simonide</span> <span class='ocrx_word' id='word_1_51' title='bbox 462 875 659 930; x_wconf 90' lang='lat' dir='ltr'>dicitur</span> <span class='ocrx_word' id='word_1_52' title='bbox 679 876 746 930; x_wconf 92' lang='lat' dir='ltr'>de</span> <span class='ocrx_word' id='word_1_53' title='bbox 785 878 955 947; x_wconf 85' lang='lat' dir='ltr'>genis,</span> <span class='ocrx_word' id='word_1_54' title='bbox 986 895 1129 948; x_wconf 89' lang='lat' dir='ltr'>quae</span> <span class='ocrx_word' id='word_1_55' title='bbox 1156 877 1395 932; x_wconf 81' lang='lat' dir='ltr'>lacrimis</span> <span class='ocrx_word' id='word_1_56' title='bbox 1422 881 1644 947; x_wconf 86' lang='lat' dir='ltr'>vacant,</span> <span class='ocrx_word' id='word_1_57' title='bbox 1686 879 1882 934; x_wconf 91' lang='lat' dir='ltr'>deinde</span> <span class='ocrx_word' id='word_1_58' title='bbox 1908 880 2191 934; x_wconf 90' lang='lat' dir='ltr'>invenitur</span> 
     </span>
     <span class='ocr_line' id='line_1_10' title="bbox 63 955 2190 1029; baseline 0.003 -20"><span class='ocrx_word' id='word_1_59' title='bbox 63 973 150 1026; x_wconf 82' lang='lat' dir='ltr'>ap.</span> <span class='ocrx_word' id='word_1_60' title='bbox 200 955 355 1013; x_wconf 89' lang='lat' dir='ltr'>Pind.</span> <span class='ocrx_word' id='word_1_61' title='bbox 409 956 561 1012; x_wconf 88' lang='lat' dir='ltr'>Nem.</span> <span class='ocrx_word' id='word_1_62' title='bbox 602 958 717 1027; x_wconf 88' lang='lat' dir='ltr'>VII,</span> <span class='ocrx_word' id='word_1_63' title='bbox 740 959 811 1013; x_wconf 83' lang='grc'>73</span> <span class='ocrx_word' id='word_1_64' title='bbox 864 962 1058 1028; x_wconf 78' lang='grc' dir='ltr'><em>αὐχένα</em></span> <span class='ocrx_word' id='word_1_65' title='bbox 1109 961 1199 1012; x_wconf 82' lang='grc' dir='ltr'>καὶ</span> <span class='ocrx_word' id='word_1_66' title='bbox 1249 962 1440 1018; x_wconf 76' lang='grc' dir='ltr'><em>σθένος</em></span> <span class='ocrx_word' id='word_1_67' title='bbox 1491 961 1733 1014; x_wconf 82' lang='grc' dir='ltr'><em>ἀδίαντον</em></span> <span class='ocrx_word' id='word_1_68' title='bbox 1790 961 2020 1029; x_wconf 88' lang='lat' dir='ltr'>„sudore</span> <span class='ocrx_word' id='word_1_69' title='bbox 2076 978 2190 1015; x_wconf 89' lang='lat' dir='ltr'>non</span> 
     </span>
     <span class='ocr_line' id='line_1_11' title="bbox 62 1037 2187 1112; baseline 0.002 -21"><span class='ocrx_word' id='word_1_70' title='bbox 62 1037 474 1092; x_wconf 84' lang='lat' dir='ltr'>madefactum“</span> <span class='ocrx_word' id='word_1_71' title='bbox 534 1038 789 1111; x_wconf 87' lang='lat' dir='ltr'>Bacchyl.</span> <span class='ocrx_word' id='word_1_72' title='bbox 830 1039 973 1108; x_wconf 88' lang='lat' dir='ltr'>XVI,</span> <span class='ocrx_word' id='word_1_73' title='bbox 1001 1040 1103 1093; x_wconf 79' lang='lat'>122</span> <span class='ocrx_word' id='word_1_74' title='bbox 1175 1058 1446 1112; x_wconf 89' lang='lat' dir='ltr'>„aequore</span> <span class='ocrx_word' id='word_1_75' title='bbox 1497 1058 1611 1094; x_wconf 91' lang='lat' dir='ltr'>non</span> <span class='ocrx_word' id='word_1_76' title='bbox 1661 1041 1925 1108; x_wconf 84' lang='lat' dir='ltr'>rigatus“.</span> <span class='ocrx_word' id='word_1_77' title='bbox 2003 1043 2187 1096; x_wconf 89' lang='lat' dir='ltr'>Verbo</span> 
     </span>
     <span class='ocr_line' id='line_1_12' title="bbox 0 1118 2191 1194; baseline 0.002 -22"><span class='ocrx_word' id='word_1_78' title='bbox 0 1173 1 1187; x_wconf 22' lang='lat'>¹</span> <span class='ocrx_word' id='word_1_79' title='bbox 67 1120 277 1173; x_wconf 87' lang='grc' dir='ltr'><em>διαίνειν</em></span> <span class='ocrx_word' id='word_1_80' title='bbox 328 1118 396 1174; x_wconf 92' lang='lat' dir='ltr'>de</span> <span class='ocrx_word' id='word_1_81' title='bbox 436 1119 858 1175; x_wconf 80' lang='lat' dir='ltr'>lacrimantibus</span> <span class='ocrx_word' id='word_1_82' title='bbox 914 1121 1090 1176; x_wconf 91' lang='lat' dir='ltr'>utitur</span> <span class='ocrx_word' id='word_1_83' title='bbox 1128 1121 1437 1194; x_wconf 88' lang='lat' dir='ltr'>Aeschylus</span> <span class='ocrx_word' id='word_1_84' title='bbox 1476 1121 1623 1177; x_wconf 82' lang='lat' dir='ltr'>Pers,</span> <span class='ocrx_word' id='word_1_85' title='bbox 1665 1122 1808 1177; x_wconf 81' lang='lat'>1038</span> <span class='ocrx_word' id='word_1_86' title='bbox 1848 1123 2005 1194; x_wconf 87' lang='lat' dir='ltr'>(coni.</span> <span class='ocrx_word' id='word_1_87' title='bbox 2047 1122 2191 1178; x_wconf 92' lang='lat' dir='ltr'>Weil</span> 
     </span>
     <span class='ocr_line' id='line_1_13' title="bbox 0 1193 986 1274; baseline 0.004 -22"><span class='ocrx_word' id='word_1_88' title='bbox 0 1193 1 1207; x_wconf 47' lang='lat'>¹</span> <span class='ocrx_word' id='word_1_89' title='bbox 59 1203 200 1262; x_wconf 79' lang='grc' dir='ltr'><em>αἴαζ’</em></span> <span class='ocrx_word' id='word_1_90' title='bbox 243 1200 411 1274; x_wconf 83' lang='grc' dir='ltr'><em>αἴαζε)</em></span> <span class='ocrx_word' id='word_1_91' title='bbox 434 1243 444 1255; x_wconf 92' lang='grc'><em>.</em></span> <span class='ocrx_word' id='word_1_92' title='bbox 471 1201 612 1257; x_wconf 83' lang='grc'><strong>1047</strong></span> <span class='ocrx_word' id='word_1_93' title='bbox 632 1243 642 1255; x_wconf 91' lang='grc'><em>.</em></span> <span class='ocrx_word' id='word_1_94' title='bbox 670 1201 811 1256; x_wconf 86' lang='grc'><strong>1065</strong></span> <span class='ocrx_word' id='word_1_95' title='bbox 834 1245 844 1256; x_wconf 95' lang='grc'><em>.</em></span> <span class='ocrx_word' id='word_1_96' title='bbox 865 1203 986 1257; x_wconf 83' lang='grc'><em>258.</em></span> 
     </span>
     <span class='ocr_line' id='line_1_14' title="bbox 0 1282 2190 1355; baseline 0.002 -20"><span class='ocrx_word' id='word_1_97' title='bbox 0 1282 1 1308; x_wconf 68' lang='lat'><em>³</em></span> <span class='ocrx_word' id='word_1_98' title='bbox 246 1283 587 1351; x_wconf 85' lang='grc' dir='ltr'><em>ἆδύοδμος.</em></span> <span class='ocrx_word' id='word_1_99' title='bbox 646 1283 706 1336; x_wconf 83' lang='lat' dir='ltr'>fr.</span> <span class='ocrx_word' id='word_1_100' title='bbox 734 1283 857 1351; x_wconf 84' lang='lat'>¹74,1</span> <span class='ocrx_word' id='word_1_101' title='bbox 889 1287 1046 1354; x_wconf 81' lang='grc' dir='ltr'><em>ἔαρος</em></span> <span class='ocrx_word' id='word_1_102' title='bbox 1073 1286 1364 1354; x_wconf 87' lang='grc' dir='ltr'><em>ἆδυόδμου.</em></span> <span class='ocrx_word' id='word_1_103' title='bbox 1422 1284 1574 1338; x_wconf 84' lang='lat' dir='ltr'>Idem</span> <span class='ocrx_word' id='word_1_104' title='bbox 1615 1284 1922 1355; x_wconf 72' lang='lat' dir='ltr'>epithetum</span> <span class='ocrx_word' id='word_1_105' title='bbox 1963 1285 2190 1340; x_wconf 81' lang='lat' dir='ltr'>exhibet</span> 
     </span>
     <span class='ocr_line' id='line_1_15' title="bbox 62 1362 2187 1435; baseline 0.002 -19"><span class='ocrx_word' id='word_1_106' title='bbox 62 1362 303 1433; x_wconf 82' lang='lat' dir='ltr'>exempli</span> <span class='ocrx_word' id='word_1_107' title='bbox 328 1363 509 1431; x_wconf 81' lang='lat' dir='ltr'>gratia</span> <span class='ocrx_word' id='word_1_108' title='bbox 535 1364 811 1435; x_wconf 83' lang='lat' dir='ltr'>Aristoph.</span> <span class='ocrx_word' id='word_1_109' title='bbox 838 1364 900 1418; x_wconf 85' lang='lat' dir='ltr'>fr.</span> <span class='ocrx_word' id='word_1_110' title='bbox 934 1365 1036 1419; x_wconf 90' lang='grc'>116</span> <span class='ocrx_word' id='word_1_111' title='bbox 1064 1367 1354 1434; x_wconf 80' lang='grc' dir='ltr'><em>ἡδυόσμοις</em></span> <span class='ocrx_word' id='word_1_112' title='bbox 1381 1368 1692 1435; x_wconf 82' lang='grc' dir='ltr'><em>στρώμασιν.</em></span> <span class='ocrx_word' id='word_1_113' title='bbox 1737 1365 2009 1420; x_wconf 82' lang='lat' dir='ltr'>Pindarus</span> <span class='ocrx_word' id='word_1_114' title='bbox 2036 1367 2187 1421; x_wconf 89' lang='lat' dir='ltr'>simi-</span> 
     </span>
     <span class='ocr_line' id='line_1_16' title="bbox 59 1440 1651 1519; baseline 0.001 -22"><span class='ocrx_word' id='word_1_115' title='bbox 59 1440 185 1497; x_wconf 91' lang='lat' dir='ltr'>liter</span> <span class='ocrx_word' id='word_1_116' title='bbox 222 1461 289 1498; x_wconf 92' lang='lat' dir='ltr'>ac</span> <span class='ocrx_word' id='word_1_117' title='bbox 328 1444 639 1498; x_wconf 86' lang='lat' dir='ltr'>Simonides</span> <span class='ocrx_word' id='word_1_118' title='bbox 680 1445 811 1499; x_wconf 93' lang='lat' dir='ltr'>dicit</span> <span class='ocrx_word' id='word_1_119' title='bbox 848 1445 911 1500; x_wconf 84' lang='lat' dir='ltr'>fr.</span> <span class='ocrx_word' id='word_1_120' title='bbox 939 1444 1232 1519; x_wconf 83' lang='lat'>75,17[15]</span> <span class='ocrx_word' id='word_1_121' title='bbox 1273 1448 1504 1516; x_wconf 78' lang='grc' dir='ltr'><em>εὔοδμον</em></span> <span class='ocrx_word' id='word_1_122' title='bbox 1543 1450 1651 1516; x_wconf 80' lang='grc' dir='ltr'><em>ἔαρ.</em></span> 
     </span>
    </p>

    <p class='ocr_par' dir='ltr' id='par_1_5' title="bbox 57 1525 2188 1842">
     <span class='ocr_line' id='line_1_17' title="bbox 245 1525 2188 1600; baseline 0.003 -22"><span class='ocrx_word' id='word_1_123' title='bbox 245 1527 582 1595; x_wconf 81' lang='grc' dir='ltr'><em>ἀλαμπής.</em></span> <span class='ocrx_word' id='word_1_124' title='bbox 652 1525 716 1580; x_wconf 83' lang='lat' dir='ltr'>fr.</span> <span class='ocrx_word' id='word_1_125' title='bbox 757 1526 899 1595; x_wconf 83' lang='lat'>37,8</span> <span class='ocrx_word' id='word_1_126' title='bbox 955 1529 1099 1581; x_wconf 83' lang='grc' dir='ltr'><em>νυκτὶ</em></span> <span class='ocrx_word' id='word_1_127' title='bbox 1150 1529 1389 1597; x_wconf 82' lang='grc' dir='ltr'><em>ἀλαμπεῖ.</em></span> <span class='ocrx_word' id='word_1_128' title='bbox 1467 1527 1586 1582; x_wconf 83' lang='grc' dir='ltr'>Ηοο</span> <span class='ocrx_word' id='word_1_129' title='bbox 1624 1529 1979 1594; x_wconf 88' lang='lat' dir='ltr'>vocabulum,</span> <span class='ocrx_word' id='word_1_130' title='bbox 2040 1528 2188 1600; x_wconf 88' lang='lat' dir='ltr'>quod</span> 
     </span>
     <span class='ocr_line' id='line_1_18' title="bbox 60 1605 2187 1679; baseline 0.002 -20"><span class='ocrx_word' id='word_1_131' title='bbox 60 1605 330 1660; x_wconf 87' lang='lat' dir='ltr'>Simonidi</span> <span class='ocrx_word' id='word_1_132' title='bbox 366 1606 400 1660; x_wconf 90' lang='lat' dir='ltr'>l.</span> <span class='ocrx_word' id='word_1_133' title='bbox 430 1625 472 1661; x_wconf 90' lang='lat' dir='ltr'>c.</span> <span class='ocrx_word' id='word_1_134' title='bbox 510 1608 758 1662; x_wconf 92' lang='lat' dir='ltr'>restituit</span> <span class='ocrx_word' id='word_1_135' title='bbox 794 1607 1051 1676; x_wconf 82' lang='lat' dir='ltr'>IlgeniuS,</span> <span class='ocrx_word' id='word_1_136' title='bbox 1092 1611 1381 1679; x_wconf 89' lang='lat' dir='ltr'>praeterea</span> <span class='ocrx_word' id='word_1_137' title='bbox 1409 1609 1724 1677; x_wconf 85' lang='lat' dir='ltr'>dignoscere</span> <span class='ocrx_word' id='word_1_138' title='bbox 1765 1609 1869 1663; x_wconf 90' lang='lat' dir='ltr'>sibi</span> <span class='ocrx_word' id='word_1_139' title='bbox 1907 1610 2014 1664; x_wconf 85' lang='lat' dir='ltr'>visi</span> <span class='ocrx_word' id='word_1_140' title='bbox 2053 1612 2187 1664; x_wconf 91' lang='lat' dir='ltr'>sunt</span> 
     </span>
     <span class='ocr_line' id='line_1_19' title="bbox 57 1686 2186 1762; baseline 0.003 -23"><span class='ocrx_word' id='word_1_141' title='bbox 57 1686 118 1739; x_wconf 93' lang='lat' dir='ltr'>in</span> <span class='ocrx_word' id='word_1_142' title='bbox 157 1687 411 1759; x_wconf 84' lang='lat' dir='ltr'>Bacchyl.</span> <span class='ocrx_word' id='word_1_143' title='bbox 437 1688 553 1755; x_wconf 83' lang='lat' dir='ltr'>XII,</span> <span class='ocrx_word' id='word_1_144' title='bbox 575 1689 678 1743; x_wconf 84' lang='lat'>175</span> <span class='ocrx_word' id='word_1_145' title='bbox 717 1688 836 1743; x_wconf 92' lang='lat' dir='ltr'>loco</span> <span class='ocrx_word' id='word_1_146' title='bbox 891 1689 1190 1744; x_wconf 89' lang='lat' dir='ltr'>admodum</span> <span class='ocrx_word' id='word_1_147' title='bbox 1227 1689 1487 1758; x_wconf 88' lang='lat' dir='ltr'>lacerato,</span> <span class='ocrx_word' id='word_1_148' title='bbox 1542 1689 1738 1743; x_wconf 84' lang='lat' dir='ltr'>deinde</span> <span class='ocrx_word' id='word_1_149' title='bbox 1790 1690 1990 1759; x_wconf 86' lang='lat' dir='ltr'>legitur</span> <span class='ocrx_word' id='word_1_150' title='bbox 2037 1691 2186 1762; x_wconf 92' lang='lat' dir='ltr'>apud</span> 
     </span>
     <span class='ocr_line' id='line_1_20' title="bbox 59 1767 2184 1842; baseline 0.002 -21"><span class='ocrx_word' id='word_1_151' title='bbox 59 1767 311 1839; x_wconf 86' lang='lat' dir='ltr'>Sophocl.</span> <span class='ocrx_word' id='word_1_152' title='bbox 339 1769 531 1823; x_wconf 86' lang='lat' dir='ltr'>Trach.</span> <span class='ocrx_word' id='word_1_153' title='bbox 560 1769 683 1824; x_wconf 88' lang='grc'>691.</span> <span class='ocrx_word' id='word_1_154' title='bbox 742 1770 998 1824; x_wconf 84' lang='lat' dir='ltr'>Ceterum</span> <span class='ocrx_word' id='word_1_155' title='bbox 1037 1770 1289 1825; x_wconf 83' lang='lat' dir='ltr'>conferas</span> <span class='ocrx_word' id='word_1_156' title='bbox 1316 1770 1644 1825; x_wconf 87' lang='lat' dir='ltr'>Wittekind.</span> <span class='ocrx_word' id='word_1_157' title='bbox 1683 1770 1715 1825; x_wconf 93' lang='lat' dir='ltr'>l.</span> <span class='ocrx_word' id='word_1_158' title='bbox 1745 1789 1785 1825; x_wconf 91' lang='lat' dir='ltr'>c.</span> <span class='ocrx_word' id='word_1_159' title='bbox 1825 1790 1874 1842; x_wconf 92' lang='lat' dir='ltr'>p.</span> <span class='ocrx_word' id='word_1_160' title='bbox 1904 1771 1976 1825; x_wconf 85' lang='lat'>34</span> <span class='ocrx_word' id='word_1_161' title='bbox 2014 1775 2072 1826; x_wconf 92' lang='lat' dir='ltr'>et</span> <span class='ocrx_word' id='word_1_162' title='bbox 2098 1773 2184 1828; x_wconf 76' lang='lat'>37.</span> 
     </span>
    </p>

    <p class='ocr_par' dir='ltr' id='par_1_6' title="bbox 56 1850 2186 2247">
     <span class='ocr_line' id='line_1_21' title="bbox 243 1850 2186 1921; baseline 0.002 -18"><span class='ocrx_word' id='word_1_163' title='bbox 243 1852 560 1920; x_wconf 81' lang='grc' dir='ltr'><em>ἄμετρος.</em></span> <span class='ocrx_word' id='word_1_164' title='bbox 636 1850 699 1905; x_wconf 82' lang='lat' dir='ltr'>fr.</span> <span class='ocrx_word' id='word_1_165' title='bbox 741 1851 915 1919; x_wconf 81' lang='grc'><strong>37,16</strong></span> <span class='ocrx_word' id='word_1_166' title='bbox 956 1854 1183 1921; x_wconf 80' lang='grc' dir='ltr'><em>ἄμετρον</em></span> <span class='ocrx_word' id='word_1_167' title='bbox 1221 1854 1403 1906; x_wconf 83' lang='grc' dir='ltr'><em>κακόν.</em></span> <span class='ocrx_word' id='word_1_168' title='bbox 1480 1852 1625 1906; x_wconf 85' lang='lat' dir='ltr'>Dicit</span> <span class='ocrx_word' id='word_1_169' title='bbox 1678 1852 1987 1907; x_wconf 84' lang='lat' dir='ltr'>Simonides</span> <span class='ocrx_word' id='word_1_170' title='bbox 2042 1854 2186 1908; x_wconf 82' lang='lat' dir='ltr'>sicut</span> 
     </span>
     <span class='ocr_line' id='line_1_22' title="bbox 56 1929 2184 2003; baseline 0.001 -19"><span class='ocrx_word' id='word_1_171' title='bbox 56 1929 329 1985; x_wconf 81' lang='lat' dir='ltr'>Homerus</span> <span class='ocrx_word' id='word_1_172' title='bbox 385 1954 413 1984; x_wconf 86' lang='grc' dir='ltr'><em>τ</em></span> <span class='ocrx_word' id='word_1_173' title='bbox 453 1932 561 1986; x_wconf 80' lang='grc'>512</span> <span class='ocrx_word' id='word_1_174' title='bbox 599 1935 798 1992; x_wconf 73' lang='grc' dir='ltr'><em>πένθος</em></span> <span class='ocrx_word' id='word_1_175' title='bbox 854 1935 1143 2003; x_wconf 84' lang='grc' dir='ltr'><em>ἀμέτρητον</em></span> <span class='ocrx_word' id='word_1_176' title='bbox 1229 1954 1274 1996; x_wconf 85' lang='grc' dir='ltr'><strong><em>ψ</em></strong></span> <span class='ocrx_word' id='word_1_177' title='bbox 1303 1933 1410 1988; x_wconf 83' lang='grc'>249</span> <span class='ocrx_word' id='word_1_178' title='bbox 1451 1935 1738 2003; x_wconf 83' lang='grc' dir='ltr'><em>ἀμέτρητος</em></span> <span class='ocrx_word' id='word_1_179' title='bbox 1793 1935 1972 1995; x_wconf 82' lang='grc' dir='ltr'><em>πόνος,</em></span> <span class='ocrx_word' id='word_1_180' title='bbox 2048 1935 2184 1988; x_wconf 77' lang='lat' dir='ltr'>item</span> 
     </span>
     <span class='ocr_line' id='line_1_23' title="bbox 56 2013 2181 2084; baseline 0.001 -19"><span class='ocrx_word' id='word_1_181' title='bbox 56 2014 346 2083; x_wconf 82' lang='grc' dir='ltr'><em>ἀμέτρητος</em></span> <span class='ocrx_word' id='word_1_182' title='bbox 365 2013 580 2068; x_wconf 89' lang='lat' dir='ltr'>habent</span> <span class='ocrx_word' id='word_1_183' title='bbox 599 2013 753 2067; x_wconf 89' lang='lat' dir='ltr'>Pind.</span> <span class='ocrx_word' id='word_1_184' title='bbox 773 2014 963 2068; x_wconf 89' lang='lat' dir='ltr'>Isthm.</span> <span class='ocrx_word' id='word_1_185' title='bbox 983 2014 1104 2083; x_wconf 81' lang='lat'>1,37</span> <span class='ocrx_word' id='word_1_186' title='bbox 1145 2013 1602 2084; x_wconf 81' lang='lat' dir='ltr'>Eurip.Hec.783</span> <span class='ocrx_word' id='word_1_187' title='bbox 1642 2013 1838 2068; x_wconf 78' lang='lat' dir='ltr'>E1.433</span> <span class='ocrx_word' id='word_1_188' title='bbox 1877 2014 1940 2068; x_wconf 87' lang='lat' dir='ltr'>fr.</span> <span class='ocrx_word' id='word_1_189' title='bbox 1957 2015 2181 2083; x_wconf 80' lang='lat'>781,70‚</span> 
     </span>
     <span class='ocr_line' id='line_1_24' title="bbox 58 2094 2184 2166; baseline 0 -18"><span class='ocrx_word' id='word_1_190' title='bbox 58 2095 252 2148; x_wconf 85' lang='lat' dir='ltr'>contra</span> <span class='ocrx_word' id='word_1_191' title='bbox 302 2097 528 2164; x_wconf 79' lang='grc' dir='ltr'><em>ἄμετρος</em></span> <span class='ocrx_word' id='word_1_192' title='bbox 579 2095 650 2149; x_wconf 91' lang='lat' dir='ltr'>ad</span> <span class='ocrx_word' id='word_1_193' title='bbox 702 2094 1013 2166; x_wconf 89' lang='lat' dir='ltr'>pedestrem</span> <span class='ocrx_word' id='word_1_194' title='bbox 1065 2095 1373 2149; x_wconf 90' lang='lat' dir='ltr'>orationem</span> <span class='ocrx_word' id='word_1_195' title='bbox 1425 2096 1601 2163; x_wconf 86' lang='lat' dir='ltr'>magis</span> <span class='ocrx_word' id='word_1_196' title='bbox 1652 2094 1913 2149; x_wconf 90' lang='lat' dir='ltr'>idoneum</span> <span class='ocrx_word' id='word_1_197' title='bbox 1963 2095 2184 2150; x_wconf 89' lang='lat' dir='ltr'>videtur</span> 
     </span>
     <span class='ocr_line' id='line_1_25' title="bbox 56 2175 682 2247; baseline 0.003 -19"><span class='ocrx_word' id='word_1_198' title='bbox 56 2191 227 2245; x_wconf 89' lang='lat' dir='ltr'>quam</span> <span class='ocrx_word' id='word_1_199' title='bbox 266 2175 337 2229; x_wconf 94' lang='lat' dir='ltr'>ad</span> <span class='ocrx_word' id='word_1_200' title='bbox 376 2178 682 2247; x_wconf 88' lang='lat' dir='ltr'>poetarum.</span> 
     </span>
    </p>

    <p class='ocr_par' dir='ltr' id='par_1_7' title="bbox 54 2257 2182 2571">
     <span class='ocr_line' id='line_1_26' title="bbox 242 2257 2179 2328; baseline 0.002 -19"><span class='ocrx_word' id='word_1_201' title='bbox 242 2259 520 2316; x_wconf 80' lang='grc' dir='ltr'><em>ἄπονος.</em></span> <span class='ocrx_word' id='word_1_202' title='bbox 578 2259 638 2311; x_wconf 77' lang='lat' dir='ltr'>fr.</span> <span class='ocrx_word' id='word_1_203' title='bbox 668 2257 806 2322; x_wconf 84' lang='lat'><strong>36‚3</strong></span> <span class='ocrx_word' id='word_1_204' title='bbox 848 2260 1049 2311; x_wconf 81' lang='grc' dir='ltr'><em>ἄπονον</em></span> <span class='ocrx_word' id='word_1_205' title='bbox 1077 2299 1086 2309; x_wconf 95' lang='grc'><em>.</em></span> <span class='ocrx_word' id='word_1_206' title='bbox 1115 2301 1125 2310; x_wconf 94' lang='grc'><em>.</em></span> <span class='ocrx_word' id='word_1_207' title='bbox 1156 2301 1165 2310; x_wconf 95' lang='grc'><em>.</em></span> <span class='ocrx_word' id='word_1_208' title='bbox 1192 2259 1322 2326; x_wconf 88' lang='grc' dir='ltr'><em>βίον.</em></span> <span class='ocrx_word' id='word_1_209' title='bbox 1381 2257 1676 2311; x_wconf 91' lang='lat' dir='ltr'>Praeterea</span> <span class='ocrx_word' id='word_1_210' title='bbox 1713 2258 1994 2311; x_wconf 85' lang='lat' dir='ltr'>invenitur</span> <span class='ocrx_word' id='word_1_211' title='bbox 2033 2259 2179 2328; x_wconf 91' lang='lat' dir='ltr'>apud</span> 
     </span>
     <span class='ocr_line' id='line_1_27' title="bbox 56 2335 2182 2393; baseline 0.001 -3"><span class='ocrx_word' id='word_1_212' title='bbox 56 2335 359 2391; x_wconf 87' lang='lat' dir='ltr'>Pindarum</span> <span class='ocrx_word' id='word_1_213' title='bbox 397 2339 629 2392; x_wconf 82' lang='lat' dir='ltr'>Atticos,</span> <span class='ocrx_word' id='word_1_214' title='bbox 708 2338 1005 2393; x_wconf 91' lang='lat' dir='ltr'>Simonidis</span> <span class='ocrx_word' id='word_1_215' title='bbox 1044 2339 1226 2392; x_wconf 89' lang='lat' dir='ltr'>verbis</span> <span class='ocrx_word' id='word_1_216' title='bbox 1265 2337 1416 2392; x_wconf 88' lang='lat' dir='ltr'>haud</span> <span class='ocrx_word' id='word_1_217' title='bbox 1456 2337 1741 2392; x_wconf 91' lang='lat' dir='ltr'>dissimilia</span> <span class='ocrx_word' id='word_1_218' title='bbox 1788 2340 1921 2391; x_wconf 88' lang='lat' dir='ltr'>sunt</span> <span class='ocrx_word' id='word_1_219' title='bbox 1958 2339 2182 2392; x_wconf 90' lang='lat' dir='ltr'>Pindari</span> 
     </span>
     <span class='ocr_line' id='line_1_28' title="bbox 55 2417 2180 2492; baseline 0.001 -20"><span class='ocrx_word' id='word_1_220' title='bbox 55 2417 135 2472; x_wconf 91' lang='lat' dir='ltr'>Ol.</span> <span class='ocrx_word' id='word_1_221' title='bbox 161 2418 435 2492; x_wconf 80' lang='grc' dir='ltr'><strong>ΙῙ,68[62]</strong></span> <span class='ocrx_word' id='word_1_222' title='bbox 474 2423 823 2490; x_wconf 87' lang='grc' dir='ltr'><em>ἀπονέστερον</em></span> <span class='ocrx_word' id='word_1_223' title='bbox 875 2422 1013 2474; x_wconf 74' lang='grc' dir='ltr'><em>ε’σλοὶ</em></span> <span class='ocrx_word' id='word_1_224' title='bbox 1071 2422 1307 2474; x_wconf 86' lang='grc' dir='ltr'><em>δέκονται</em></span> <span class='ocrx_word' id='word_1_225' title='bbox 1355 2422 1543 2489; x_wconf 84' lang='grc' dir='ltr'><em>βίοτον.</em></span> <span class='ocrx_word' id='word_1_226' title='bbox 1620 2418 1893 2473; x_wconf 89' lang='lat' dir='ltr'>Homerus</span> <span class='ocrx_word' id='word_1_227' title='bbox 1951 2420 2180 2490; x_wconf 74' lang='lat' dir='ltr'>praebet</span> 
     </span>
     <span class='ocr_line' id='line_1_29' title="bbox 54 2499 868 2571; baseline 0.004 -19"><span class='ocrx_word' id='word_1_228' title='bbox 54 2521 80 2552; x_wconf 93' lang='grc' dir='ltr'><em>ε</em></span> <span class='ocrx_word' id='word_1_229' title='bbox 118 2499 227 2553; x_wconf 81' lang='grc'>493</span> <span class='ocrx_word' id='word_1_230' title='bbox 269 2502 559 2560; x_wconf 89' lang='grc' dir='ltr'><em>δυσπονέος</em></span> <span class='ocrx_word' id='word_1_231' title='bbox 595 2504 868 2571; x_wconf 85' lang='grc' dir='ltr'><em>καμάτοιο.</em></span> 
     </span>
    </p>

    <p class='ocr_par' dir='ltr' id='par_1_8' title="bbox 52 2581 2177 3622">
     <span class='ocr_line' id='line_1_30' title="bbox 242 2581 2177 2651; baseline 0 -17"><span class='ocrx_word' id='word_1_232' title='bbox 242 2583 658 2651; x_wconf 72' lang='grc' dir='ltr'><em>δακέθυμος.</em></span> <span class='ocrx_word' id='word_1_233' title='bbox 722 2582 784 2636; x_wconf 82' lang='lat' dir='ltr'>fr.</span> <span class='ocrx_word' id='word_1_234' title='bbox 821 2583 960 2650; x_wconf 81' lang='lat'>58,5</span> <span class='ocrx_word' id='word_1_235' title='bbox 1003 2584 1310 2651; x_wconf 71' lang='grc' dir='ltr'><em>δακέῦυμος</em></span> <span class='ocrx_word' id='word_1_236' title='bbox 1347 2584 1522 2651; x_wconf 83' lang='grc' dir='ltr'><em>ἱδρώς.</em></span> <span class='ocrx_word' id='word_1_237' title='bbox 1601 2581 1892 2636; x_wconf 84' lang='lat' dir='ltr'>Conversis</span> <span class='ocrx_word' id='word_1_238' title='bbox 1921 2582 2177 2635; x_wconf 89' lang='lat' dir='ltr'>membris</span> 
     </span>
     <span class='ocr_line' id='line_1_31' title="bbox 54 2662 2176 2734; baseline -0 -19"><span class='ocrx_word' id='word_1_239' title='bbox 54 2662 232 2716; x_wconf 91' lang='lat' dir='ltr'>simile</span> <span class='ocrx_word' id='word_1_240' title='bbox 289 2662 598 2732; x_wconf 83' lang='lat' dir='ltr'>epithetum</span> <span class='ocrx_word' id='word_1_241' title='bbox 649 2664 797 2734; x_wconf 91' lang='lat' dir='ltr'>apud</span> <span class='ocrx_word' id='word_1_242' title='bbox 836 2663 1137 2716; x_wconf 89' lang='lat' dir='ltr'>Homerum</span> <span class='ocrx_word' id='word_1_243' title='bbox 1189 2662 1359 2717; x_wconf 88' lang='lat' dir='ltr'>semel</span> <span class='ocrx_word' id='word_1_244' title='bbox 1408 2662 1680 2717; x_wconf 84' lang='lat' dir='ltr'>formatur</span> <span class='ocrx_word' id='word_1_245' title='bbox 1730 2664 1925 2717; x_wconf 90' lang='lat' dir='ltr'>eadem</span> <span class='ocrx_word' id='word_1_246' title='bbox 1979 2663 2036 2716; x_wconf 89' lang='lat' dir='ltr'>vi</span> <span class='ocrx_word' id='word_1_247' title='bbox 2090 2663 2176 2715; x_wconf 91' lang='lat' dir='ltr'>in-</span> 
     </span>
     <span class='ocr_line' id='line_1_32' title="bbox 55 2742 2174 2815; baseline -0 -19"><span class='ocrx_word' id='word_1_248' title='bbox 55 2745 331 2797; x_wconf 88' lang='lat' dir='ltr'>structum</span> <span class='ocrx_word' id='word_1_249' title='bbox 388 2742 710 2814; x_wconf 74' lang='grc' dir='ltr'><em>θυμοδακής</em></span> <span class='ocrx_word' id='word_1_250' title='bbox 770 2747 812 2798; x_wconf 73' lang='grc' dir='ltr'><strong><em>θ</em></strong></span> <span class='ocrx_word' id='word_1_251' title='bbox 850 2745 952 2798; x_wconf 83' lang='grc'>185</span> <span class='ocrx_word' id='word_1_252' title='bbox 1005 2745 1235 2814; x_wconf 75' lang='grc' dir='ltr'><em>(μῦθος),</em></span> <span class='ocrx_word' id='word_1_253' title='bbox 1294 2744 1607 2815; x_wconf 88' lang='lat' dir='ltr'>pariterque</span> <span class='ocrx_word' id='word_1_254' title='bbox 1665 2743 1934 2798; x_wconf 82' lang='lat' dir='ltr'>translate</span> <span class='ocrx_word' id='word_1_255' title='bbox 1976 2742 2174 2796; x_wconf 87' lang='lat' dir='ltr'>dicitur</span> 
     </span>
     <span class='ocr_line' id='line_1_33' title="bbox 54 2823 2176 2896; baseline 0 -20"><span class='ocrx_word' id='word_1_256' title='bbox 54 2823 287 2877; x_wconf 80' lang='lat' dir='ltr'>verbum</span> <span class='ocrx_word' id='word_1_257' title='bbox 329 2826 537 2878; x_wconf 85' lang='grc' dir='ltr'><em>δάκνειν</em></span> <span class='ocrx_word' id='word_1_258' title='bbox 588 2825 660 2879; x_wconf 89' lang='lat' dir='ltr'>ad</span> <span class='ocrx_word' id='word_1_259' title='bbox 699 2825 869 2878; x_wconf 92' lang='lat' dir='ltr'>animi</span> <span class='ocrx_word' id='word_1_260' title='bbox 920 2825 1221 2878; x_wconf 90' lang='lat' dir='ltr'>cruciatum</span> <span class='ocrx_word' id='word_1_261' title='bbox 1273 2825 1688 2896; x_wconf 88' lang='lat' dir='ltr'>exprimendum</span> <span class='ocrx_word' id='word_1_262' title='bbox 1726 2826 1782 2876; x_wconf 90' lang='lat' dir='ltr'><em>E</em></span> <span class='ocrx_word' id='word_1_263' title='bbox 1801 2825 1909 2878; x_wconf 80' lang='lat'>493</span> <span class='ocrx_word' id='word_1_264' title='bbox 1951 2825 2079 2876; x_wconf 83' lang='grc' dir='ltr'><em>δάκε</em></span> <span class='ocrx_word' id='word_1_265' title='bbox 2120 2825 2176 2876; x_wconf 84' lang='grc' dir='ltr'><em>δὲ</em></span> 
     </span>
     <span class='ocr_line' id='line_1_34' title="bbox 52 2903 2174 2977; baseline 0 -19"><span class='ocrx_word' id='word_1_266' title='bbox 52 2908 255 2974; x_wconf 82' lang='grc' dir='ltr'><em>φρένας</em></span> <span class='ocrx_word' id='word_1_267' title='bbox 295 2906 506 2974; x_wconf 84' lang='grc' dir='ltr'><em>Ἕκτορι</em></span> <span class='ocrx_word' id='word_1_268' title='bbox 554 2909 733 2975; x_wconf 74' lang='grc' dir='ltr'><em>μῦθος</em></span> <span class='ocrx_word' id='word_1_269' title='bbox 795 2905 924 2959; x_wconf 78' lang='lat' dir='ltr'>Hes</span> <span class='ocrx_word' id='word_1_270' title='bbox 965 2905 1164 2973; x_wconf 83' lang='lat' dir='ltr'>Theog.</span> <span class='ocrx_word' id='word_1_271' title='bbox 1203 2906 1310 2961; x_wconf 80' lang='lat'>567</span> <span class='ocrx_word' id='word_1_272' title='bbox 1365 2905 1496 2977; x_wconf 89' lang='lat' dir='ltr'>Opp.</span> <span class='ocrx_word' id='word_1_273' title='bbox 1535 2907 1640 2960; x_wconf 84' lang='lat'>451</span> <span class='ocrx_word' id='word_1_274' title='bbox 1704 2903 1999 2971; x_wconf 81' lang='lat' dir='ltr'>Theognid.</span> <span class='ocrx_word' id='word_1_275' title='bbox 2041 2903 2174 2972; x_wconf 80' lang='lat'>9053</span> 
     </span>
     <span class='ocr_line' id='line_1_35' title="bbox 55 2984 2173 3057; baseline -0.001 -18"><span class='ocrx_word' id='word_1_276' title='bbox 55 2987 366 3054; x_wconf 75' lang='grc' dir='ltr'><em>δακέθυμος</em></span> <span class='ocrx_word' id='word_1_277' title='bbox 402 2989 691 3056; x_wconf 87' lang='lat' dir='ltr'>praeterea</span> <span class='ocrx_word' id='word_1_278' title='bbox 729 3004 843 3040; x_wconf 91' lang='lat' dir='ltr'>non</span> <span class='ocrx_word' id='word_1_279' title='bbox 880 2986 1070 3040; x_wconf 89' lang='lat' dir='ltr'>inveni</span> <span class='ocrx_word' id='word_1_280' title='bbox 1106 2987 1212 3040; x_wconf 90' lang='lat' dir='ltr'>nisi</span> <span class='ocrx_word' id='word_1_281' title='bbox 1251 2986 1399 3057; x_wconf 89' lang='lat' dir='ltr'>apud</span> <span class='ocrx_word' id='word_1_282' title='bbox 1439 2986 1687 3057; x_wconf 90' lang='lat' dir='ltr'>Sophocl.</span> <span class='ocrx_word' id='word_1_283' title='bbox 1725 2984 1859 3037; x_wconf 86' lang='lat' dir='ltr'>Phil.</span> <span class='ocrx_word' id='word_1_284' title='bbox 1894 2984 2000 3038; x_wconf 85' lang='lat'>705</span> <span class='ocrx_word' id='word_1_285' title='bbox 2043 2987 2173 3050; x_wconf 87' lang='grc' dir='ltr'><em>(ἄτα)</em></span> 
     </span>
     <span class='ocr_line' id='line_1_36' title="bbox 55 3066 2172 3139; baseline 0 -20"><span class='ocrx_word' id='word_1_286' title='bbox 55 3069 114 3119; x_wconf 91' lang='lat' dir='ltr'>et</span> <span class='ocrx_word' id='word_1_287' title='bbox 151 3067 210 3119; x_wconf 92' lang='lat' dir='ltr'>in</span> <span class='ocrx_word' id='word_1_288' title='bbox 249 3067 665 3132; x_wconf 83' lang='lat' dir='ltr'>Anacreonteis‚</span> <span class='ocrx_word' id='word_1_289' title='bbox 709 3067 799 3121; x_wconf 85' lang='lat' dir='ltr'>cfr.</span> <span class='ocrx_word' id='word_1_290' title='bbox 835 3067 972 3134; x_wconf 81' lang='lat'>35,9</span> <span class='ocrx_word' id='word_1_291' title='bbox 1011 3066 1178 3139; x_wconf 85' lang='lat' dir='ltr'>(ng.)</span> <span class='ocrx_word' id='word_1_292' title='bbox 1221 3070 1504 3136; x_wconf 71' lang='grc' dir='ltr'><em>δακέθυμά</em></span> <span class='ocrx_word' id='word_1_293' title='bbox 1555 3089 1647 3135; x_wconf 89' lang='grc' dir='ltr'><em>μοι</em></span> <span class='ocrx_word' id='word_1_294' title='bbox 1697 3068 1950 3133; x_wconf 68' lang='grc' dir='ltr'><em>λέγοντεςς</em></span> <span class='ocrx_word' id='word_1_295' title='bbox 2003 3067 2172 3135; x_wconf 90' lang='lat' dir='ltr'>atque</span> 
     </span>
     <span class='ocr_line' id='line_1_37' title="bbox 56 3145 2172 3218; baseline -0.001 -18"><span class='ocrx_word' id='word_1_296' title='bbox 56 3147 366 3218; x_wconf 85' lang='lat' dir='ltr'>Aeschylus</span> <span class='ocrx_word' id='word_1_297' title='bbox 407 3147 628 3218; x_wconf 89' lang='lat' dir='ltr'>quidem</span> <span class='ocrx_word' id='word_1_298' title='bbox 666 3147 846 3201; x_wconf 85' lang='lat' dir='ltr'>forma</span> <span class='ocrx_word' id='word_1_299' title='bbox 883 3147 1046 3218; x_wconf 91' lang='lat' dir='ltr'>paulo</span> <span class='ocrx_word' id='word_1_300' title='bbox 1087 3149 1275 3203; x_wconf 82' lang='lat' dir='ltr'>differt</span> <span class='ocrx_word' id='word_1_301' title='bbox 1317 3151 1505 3216; x_wconf 85' lang='lat' dir='ltr'>Agam.</span> <span class='ocrx_word' id='word_1_302' title='bbox 1546 3147 1669 3213; x_wconf 80' lang='lat'>743,</span> <span class='ocrx_word' id='word_1_303' title='bbox 1723 3146 1819 3197; x_wconf 90' lang='lat' dir='ltr'>ubi</span> <span class='ocrx_word' id='word_1_304' title='bbox 1860 3145 1991 3198; x_wconf 90' lang='lat' dir='ltr'>dicit</span> <span class='ocrx_word' id='word_1_305' title='bbox 2030 3147 2172 3214; x_wconf 83' lang='grc' dir='ltr'><em>δηξί-</em></span> 
     </span>
     <span class='ocr_line' id='line_1_38' title="bbox 53 3226 2174 3300; baseline -0.001 -18"><span class='ocrx_word' id='word_1_306' title='bbox 53 3230 236 3297; x_wconf 71' lang='grc' dir='ltr'><em>θυμον</em></span> <span class='ocrx_word' id='word_1_307' title='bbox 293 3231 490 3297; x_wconf 83' lang='grc' dir='ltr'><em>ἔρωτος</em></span> <span class='ocrx_word' id='word_1_308' title='bbox 547 3231 728 3296; x_wconf 71' lang='grc' dir='ltr'><em>ἄνθος,</em></span> <span class='ocrx_word' id='word_1_309' title='bbox 794 3230 929 3282; x_wconf 75' lang='lat' dir='ltr'>item</span> <span class='ocrx_word' id='word_1_310' title='bbox 985 3229 1194 3300; x_wconf 86' lang='lat' dir='ltr'>Sopatr.</span> <span class='ocrx_word' id='word_1_311' title='bbox 1235 3231 1320 3296; x_wconf 78' lang='grc'>21,</span> <span class='ocrx_word' id='word_1_312' title='bbox 1343 3230 1376 3281; x_wconf 81' lang='grc'>2</span> <span class='ocrx_word' id='word_1_313' title='bbox 1435 3226 1669 3298; x_wconf 87' lang='lat' dir='ltr'>(Kaibel)</span> <span class='ocrx_word' id='word_1_314' title='bbox 1725 3227 1818 3294; x_wconf 87' lang='grc' dir='ltr'>τὴν</span> <span class='ocrx_word' id='word_1_315' title='bbox 1877 3228 2174 3299; x_wconf 74' lang='grc' dir='ltr'><em>δηξίθυμον</em></span> 
     </span>
     <span class='ocr_line' id='line_1_39' title="bbox 55 3306 2171 3379; baseline -0.001 -17"><span class='ocrx_word' id='word_1_316' title='bbox 55 3311 305 3379; x_wconf 82' lang='grc' dir='ltr'><em>ὀξάλμην.</em></span> <span class='ocrx_word' id='word_1_317' title='bbox 369 3309 488 3363; x_wconf 92' lang='lat' dir='ltr'>Hoc</span> <span class='ocrx_word' id='word_1_318' title='bbox 522 3310 744 3379; x_wconf 87' lang='lat' dir='ltr'>quidem</span> <span class='ocrx_word' id='word_1_319' title='bbox 772 3309 1062 3364; x_wconf 89' lang='lat' dir='ltr'>Simonidis</span> <span class='ocrx_word' id='word_1_320' title='bbox 1100 3310 1219 3365; x_wconf 90' lang='lat' dir='ltr'>loco</span> <span class='ocrx_word' id='word_1_321' title='bbox 1259 3313 1446 3362; x_wconf 91' lang='lat' dir='ltr'>utrum</span> <span class='ocrx_word' id='word_1_322' title='bbox 1486 3309 1552 3361; x_wconf 90' lang='lat' dir='ltr'>de</span> <span class='ocrx_word' id='word_1_323' title='bbox 1593 3306 1727 3360; x_wconf 88' lang='lat' dir='ltr'>salsi</span> <span class='ocrx_word' id='word_1_324' title='bbox 1765 3306 1980 3360; x_wconf 90' lang='lat' dir='ltr'>sudoris</span> <span class='ocrx_word' id='word_1_325' title='bbox 2019 3324 2171 3360; x_wconf 90' lang='lat' dir='ltr'>acer-</span> 
     </span>
     <span class='ocr_line' id='line_1_40' title="bbox 55 3386 2171 3462; baseline -0.001 -18"><span class='ocrx_word' id='word_1_326' title='bbox 55 3390 233 3444; x_wconf 85' lang='lat' dir='ltr'>bitate</span> <span class='ocrx_word' id='word_1_327' title='bbox 279 3390 492 3461; x_wconf 85' lang='lat' dir='ltr'>proprie</span> <span class='ocrx_word' id='word_1_328' title='bbox 530 3389 737 3444; x_wconf 91' lang='lat' dir='ltr'>dictum</span> <span class='ocrx_word' id='word_1_329' title='bbox 776 3391 849 3443; x_wconf 91' lang='lat' dir='ltr'>sit</span> <span class='ocrx_word' id='word_1_330' title='bbox 887 3390 1048 3445; x_wconf 88' lang='lat' dir='ltr'>sicuti</span> <span class='ocrx_word' id='word_1_331' title='bbox 1086 3410 1172 3462; x_wconf 85' lang='lat' dir='ltr'>ap.</span> <span class='ocrx_word' id='word_1_332' title='bbox 1202 3390 1413 3460; x_wconf 87' lang='lat' dir='ltr'>Sopatr.</span> <span class='ocrx_word' id='word_1_333' title='bbox 1452 3389 1483 3443; x_wconf 94' lang='lat' dir='ltr'>l.</span> <span class='ocrx_word' id='word_1_334' title='bbox 1512 3405 1553 3441; x_wconf 88' lang='lat' dir='ltr'>c.</span> <span class='ocrx_word' id='word_1_335' title='bbox 1594 3405 1668 3440; x_wconf 91' lang='lat' dir='ltr'>an</span> <span class='ocrx_word' id='word_1_336' title='bbox 1706 3386 1994 3441; x_wconf 88' lang='lat' dir='ltr'>molestiae</span> <span class='ocrx_word' id='word_1_337' title='bbox 2035 3404 2171 3458; x_wconf 92' lang='lat' dir='ltr'>quo-</span> 
     </span>
     <span class='ocr_line' id='line_1_41' title="bbox 56 3467 2171 3541; baseline -0 -18"><span class='ocrx_word' id='word_1_338' title='bbox 56 3488 163 3541; x_wconf 88' lang='lat' dir='ltr'>que</span> <span class='ocrx_word' id='word_1_339' title='bbox 217 3472 398 3525; x_wconf 91' lang='lat' dir='ltr'>subsit</span> <span class='ocrx_word' id='word_1_340' title='bbox 450 3469 724 3541; x_wconf 88' lang='lat' dir='ltr'>quaedam</span> <span class='ocrx_word' id='word_1_341' title='bbox 773 3471 1047 3526; x_wconf 91' lang='lat' dir='ltr'>translata</span> <span class='ocrx_word' id='word_1_342' title='bbox 1095 3472 1272 3538; x_wconf 88' lang='lat' dir='ltr'>notio,</span> <span class='ocrx_word' id='word_1_343' title='bbox 1330 3468 1570 3522; x_wconf 87' lang='lat' dir='ltr'>dubitari</span> <span class='ocrx_word' id='word_1_344' title='bbox 1622 3470 1822 3538; x_wconf 76' lang='lat' dir='ltr'>potest.</span> <span class='ocrx_word' id='word_1_345' title='bbox 1912 3467 2171 3523; x_wconf 90' lang='lat' dir='ltr'>Similiter</span> 
     </span>
     <span class='ocr_line' id='line_1_42' title="bbox 57 3549 1463 3622; baseline -0.001 -17"><span class='ocrx_word' id='word_1_346' title='bbox 57 3552 358 3607; x_wconf 84' lang='lat' dir='ltr'>formatum</span> <span class='ocrx_word' id='word_1_347' title='bbox 399 3556 485 3606; x_wconf 88' lang='lat' dir='ltr'>est</span> <span class='ocrx_word' id='word_1_348' title='bbox 526 3552 739 3622; x_wconf 90' lang='lat' dir='ltr'>epicum</span> <span class='ocrx_word' id='word_1_349' title='bbox 779 3554 1039 3622; x_wconf 73' lang='grc' dir='ltr'><em>ἐχέθυμος</em></span> <span class='ocrx_word' id='word_1_350' title='bbox 1077 3553 1233 3606; x_wconf 90' lang='lat' dir='ltr'>Hom.</span> <span class='ocrx_word' id='word_1_351' title='bbox 1273 3553 1314 3604; x_wconf 74' lang='grc' dir='ltr'><em>θ</em></span> <span class='ocrx_word' id='word_1_352' title='bbox 1342 3549 1463 3603; x_wconf 81' lang='grc'><em>320.</em></span> 
     </span>
    </p>

    <p class='ocr_par' dir='ltr' id='par_1_9' title="bbox 57 3628 2168 3866">
     <span class='ocr_line' id='line_1_43' title="bbox 242 3628 2168 3704; baseline -0.002 -17"><span class='ocrx_word' id='word_1_353' title='bbox 242 3636 639 3702; x_wconf 76' lang='grc' dir='ltr'><em>ἐναγώνιος.</em></span> <span class='ocrx_word' id='word_1_354' title='bbox 715 3631 779 3685; x_wconf 85' lang='lat' dir='ltr'>fr.</span> <span class='ocrx_word' id='word_1_355' title='bbox 812 3633 947 3703; x_wconf 84' lang='grc'><strong>18,1</strong></span> <span class='ocrx_word' id='word_1_356' title='bbox 1001 3635 1198 3704; x_wconf 83' lang='grc' dir='ltr'><em>Ἑρμᾶς</em></span> <span class='ocrx_word' id='word_1_357' title='bbox 1237 3633 1532 3699; x_wconf 78' lang='grc' dir='ltr'><em>ἐναγώνιος.</em></span> <span class='ocrx_word' id='word_1_358' title='bbox 1616 3628 1780 3699; x_wconf 90' lang='lat' dir='ltr'>Apud</span> <span class='ocrx_word' id='word_1_359' title='bbox 1834 3629 2168 3684; x_wconf 84' lang='lat' dir='ltr'>Simonidem</span> 
     </span>
     <span class='ocr_line' id='line_1_44' title="bbox 58 3710 2168 3781; baseline -0 -15"><span class='ocrx_word' id='word_1_360' title='bbox 58 3710 307 3767; x_wconf 89' lang='lat' dir='ltr'>Mercurii</span> <span class='ocrx_word' id='word_1_361' title='bbox 360 3717 424 3768; x_wconf 93' lang='lat' dir='ltr'>ut</span> <span class='ocrx_word' id='word_1_362' title='bbox 475 3713 728 3767; x_wconf 91' lang='lat' dir='ltr'>ludorum</span> <span class='ocrx_word' id='word_1_363' title='bbox 783 3712 1050 3781; x_wconf 90' lang='lat' dir='ltr'>praesidis</span> <span class='ocrx_word' id='word_1_364' title='bbox 1107 3713 1358 3781; x_wconf 80' lang='lat' dir='ltr'>fungitur</span> <span class='ocrx_word' id='word_1_365' title='bbox 1415 3710 1646 3780; x_wconf 91' lang='lat' dir='ltr'>epitheti</span> <span class='ocrx_word' id='word_1_366' title='bbox 1704 3727 1945 3778; x_wconf 89' lang='lat' dir='ltr'>munere,</span> <span class='ocrx_word' id='word_1_367' title='bbox 2006 3710 2168 3766; x_wconf 89' lang='lat' dir='ltr'>sicuti</span> 
     </span>
     <span class='ocr_line' id='line_1_45' title="bbox 57 3790 2166 3866; baseline -0.001 -19"><span class='ocrx_word' id='word_1_368' title='bbox 57 3797 254 3863; x_wconf 90' lang='lat' dir='ltr'>postea</span> <span class='ocrx_word' id='word_1_369' title='bbox 306 3813 389 3866; x_wconf 91' lang='lat' dir='ltr'>ap.</span> <span class='ocrx_word' id='word_1_370' title='bbox 429 3794 727 3848; x_wconf 90' lang='lat' dir='ltr'>Pindarum</span> <span class='ocrx_word' id='word_1_371' title='bbox 767 3793 1102 3864; x_wconf 85' lang='lat' dir='ltr'>Aeschylum</span> <span class='ocrx_word' id='word_1_372' title='bbox 1141 3792 1569 3862; x_wconf 87' lang='lat' dir='ltr'>Aristophanem</span> <span class='ocrx_word' id='word_1_373' title='bbox 1615 3790 1770 3860; x_wconf 81' lang='lat' dir='ltr'>aliaS,</span> <span class='ocrx_word' id='word_1_374' title='bbox 1832 3791 1920 3844; x_wconf 88' lang='lat' dir='ltr'>cfr.</span> <span class='ocrx_word' id='word_1_375' title='bbox 1959 3790 2166 3845; x_wconf 90' lang='lat' dir='ltr'>Bruch-</span> 
     </span>
    </p>
   </div>
  </div>
 </body>
</html>
