2450 4146
859 978 1122 1076 Caput
1174 977 1434 1075 prius.

949 1242 1034 1309 De
1082 1243 1336 1326 syntaxi

76 1390 132 1444 1.
171 1388 244 1444 de
281 1389 461 1444 rebus
499 1389 566 1444 in
591 1390 851 1445 subiecti
883 1390 1214 1459 praedicati
1240 1392 1528 1447 attributi
1554 1406 1670 1446 usu
1695 1393 2205 1450 memorabilibus,

253 1491 375 1546 Hac
411 1493 470 1546 in
511 1493 706 1564 capitis
746 1494 905 1564 parte
942 1493 1163 1547 initium
1202 1494 1469 1549 faciemus
1510 1494 1581 1549 ab
1611 1495 1867 1549 omnibus
1902 1497 1981 1550 eis
2019 1495 2203 1565 rebuS,

78 1590 260 1644 quae
321 1574 393 1627 in
456 1574 1000 1628 sententiarum
1077 1577 1458 1630 structura
1531 1593 1778 1647 parum
1842 1594 2203 1646 congruae

76 1653 447 1725 videntur,
475 1655 800 1709 tractandis
859 1655 1002 1710 Tota
1028 1658 1218 1710 autem
1243 1655 1410 1711 huius
1437 1657 1637 1728 capitis
1662 1658 1854 1728 prioris
1883 1658 1950 1712 de
1978 1660 2206 1730 syntaxi

78 1734 396 1790 Simonidea
442 1736 768 1808 quaestione
821 1737 942 1790 sola
987 1737 1406 1792 enumeratione
1459 1756 1573 1792 non
1622 1739 2052 1809 acquiescemuS,
2107 1739 2204 1793 sed

75 1815 134 1871 id
185 1833 402 1888 semper
457 1817 857 1888 spectabimuS,
914 1820 979 1871 ut
1032 1820 1338 1872 ceterorum
1394 1820 1687 1890 praecipue
1745 1821 2035 1890 poetarum
2091 1837 2205 1875 non

75 1897 403 1966 neglegatur
453 1913 657 1967 serm0,
716 1915 911 1952 verum
969 1898 1041 1953 ad
1093 1898 1412 1969 SimonidiS,
1474 1902 1747 1970 quantum
1803 1901 1927 1955 fieri
1985 1901 2202 1971 poterit,

75 1973 469 2033 illustrandum
508 1978 855 2033 adhibeatur.

77 2059 78 2062 ’
253 2061 438 2130 Atque
479 2061 852 2115 substantivis
893 2061 1253 2115 substantiva
1292 2064 1648 2133 apponuntur
1686 2061 1834 2133 apud
1868 2061 2205 2116 Simonidem

76 2140 174 2211 ita,
228 2143 293 2195 ut
332 2141 733 2196 adiectivorum
787 2141 1183 2196 attributorum
1235 2143 1415 2196 instar
1453 2143 1580 2212 sint,
1634 2143 1786 2197 hisce
1823 2142 1978 2198 Iocis:
2042 2144 2093 2213 4,
2115 2145 2148 2198 5
2166 2146 2203 2212 1)

75 2223 441 2292 πανδαμάτωρ
467 2224 662 2293 χρόνος
679 2224 720 2293 2)
760 2222 847 2291 36,
870 2223 905 2275 2
931 2225 1079 2277 θεῶν
1105 2269 1116 2278 .
1146 2266 1157 2276 .
1186 2267 1196 2276 .
1228 2226 1472 2278 ἀνάκτων
1521 2222 1647 2280 ibid.
1687 2226 1795 2284 υἷες
1832 2226 2047 2293 ἡμίθεοι
2097 2225 2149 2294 4,
2170 2225 2203 2279 6

77 2306 281 2357 οἷκέταν
319 2304 619 2376 εὖδοξίαν.3)
697 2304 851 2358 Haec
890 2304 1236 2359 consuetudo
1263 2307 1555 2375 poetarum
1580 2304 1671 2360 vel
1707 2305 1947 2359 maxime
1986 2306 2204 2377 propria

75 2384 189 2438 iam
217 2383 364 2455 apud
383 2384 686 2440 Homerum
714 2385 1010 2454 invenitur,
1041 2386 1139 2439 sed
1167 2386 1244 2439 eis
1271 2387 1494 2440 tantum
1522 2386 1838 2440 continetur
1862 2387 2200 2455 notionibus⁷

78 2465 278 2536 quibus
317 2466 460 2520 sicut
498 2466 649 2537 apud
678 2465 1017 2520 Simonidem
1056 2467 1107 2533 4,
1125 2467 1157 2519 5
1198 2466 1285 2536 36,
1308 2466 1342 2519 2
1382 2467 1766 2535 significantur
1803 2485 2074 2538 personae
2112 2468 2204 2522 vel

78 2548 248 2601 etiam
287 2546 564 2602 animalia.
643 2547 843 2601 Omnia
879 2548 1045 2601 huius
1085 2546 1234 2601 modi
1273 2548 1420 2618 apud
1445 2548 1746 2602 Homerum
1772 2548 2015 2603 formata
2048 2549 2203 2603 brevi

75 2628 135 2682 in
174 2631 474 2699 conspectu
513 2630 701 2699 posuit
738 2629 775 2683 Ι.
814 2628 897 2682 La
934 2628 1120 2682 Roche
1158 2629 1216 2682 in
1268 2629 1655 2683 dissertatione
1696 2647 1839 2700 quae
1890 2630 2203 2683 inscribitur

75 2712 186 2766 Die
222 2711 397 2765 Lehre
434 2729 536 2766 von
575 2714 670 2765 der
707 2713 1056 2781 Konyruenz,
1097 2712 1185 2765 ein
1210 2711 1434 2782 Beitraq
1469 2730 1571 2767 zur
1607 2712 1962 2782 qriechischen
1987 2713 2202 2781 Syntaoe

75 2791 135 2844 in
182 2793 384 2847 Ztschr.
421 2793 459 2862 f.
500 2795 547 2847 d.
589 2797 769 2847 osterr.
800 2793 993 2862 Gymn.
1033 2791 1138 2845 vol.
1166 2792 1237 2844 22
1275 2809 1324 2862 p.
1352 2792 1461 2847 752
1482 2810 1596 2863 sqq.
1675 2791 1796 2857 Qua
1834 2794 1891 2844 in
1931 2792 2198 2844 sermonis

75 2872 413 2942 proprietate
468 2872 694 2940 elegiaci
746 2871 967 2942 quidem
1017 2870 1316 2926 Homerum
1367 2875 1501 2927 sunt
1547 2874 1746 2941 secuti,
1801 2873 1968 2926 altius
2008 2873 2199 2924 tamen

77 2955 435 3007 surrexerunt
472 2953 654 3007 melici
681 2971 747 3006 ac
781 2953 1128 3023 potissimum
1156 2953 1351 3022 tragici
1387 2955 1483 3022 ita,
1524 2954 1670 3025 quod
1699 2954 1861 3006 sicuti
1888 2951 2198 3005 Simonides

76 3034 135 3087 in
172 3032 329 3102 frgm.
356 3035 407 3101 4,
430 3034 463 3088 6
505 3032 576 3087 ad
602 3051 691 3088 res
720 3050 938 3104 quoque
965 3033 1354 3102 significandas
1395 3035 1754 3089 substantiva
1793 3033 2198 3086 coniunxerunt

78 3131 203 3168 cum
229 3114 615 3168 substantivis.
673 3114 758 3168 En
786 3114 1063 3185 exempla:
1091 3114 1255 3187 Soph.
1285 3116 1475 3170 Trach.
1505 3117 1612 3169 302
1628 3117 1667 3186 4)
1697 3116 1888 3167 δοῦλον
1912 3116 2028 3182 βίον
2072 3111 2197 3168 Eur.

77 3194 189 3249 Ion.
216 3194 356 3250 1373
397 3198 600 3265 οἰκέτην
650 3198 788 3265 βίον;
841 3194 1000 3266 plura
1050 3196 1296 3251 afferunt
1333 3197 1415 3250 La
1452 3196 1637 3249 Roche
1676 3195 1709 3248 l.
1746 3213 1786 3248 6.
1827 3196 1883 3247 et
1919 3193 2195 3263 Kuehner‚

77 3277 358 3346 Ausfichrl.
415 3278 651 3331 Gramm.
706 3279 753 3331 d.
807 3278 994 3347 yriech.
1046 3279 1163 3348 Spr.
1211 3279 1299 3344 113,
1322 3278 1347 3330 1
1403 3295 1451 3347 p.
1489 3276 1597 3330 272
1632 3293 1708 3344 sq.
1767 3273 1911 3345 (tert.
1966 3274 2046 3328 ed.
2088 3292 2195 3330 cur.

80 3354 291 3428 Gerth),
334 3357 698 3424 elegiacorum
738 3374 901 3410 usum
940 3360 1196 3429 exposuit
1235 3358 1310 3411 Fl.
1329 3356 1542 3424 Weigel
1580 3357 1638 3408 in
1678 3355 2067 3409 dissertatione
2106 3356 2196 3409 in-

260 3505 290 3560 ι)
321 3503 508 3548 Numeri
541 3506 653 3547 sunt
683 3503 975 3561 Bergkianae
1006 3505 1223 3550 editionis
1256 3507 1461 3562 quartae.

258 3571 289 3627 ²)
321 3571 537 3614 nimirum
570 3570 661 3614 hoc
692 3569 794 3614 loco
829 3570 886 3614 de
915 3574 1126 3629 tempore
1147 3573 1293 3616 verba
1323 3570 1441 3614 facit
1470 3570 1713 3626 tamquam
1745 3567 1801 3611 de
1832 3580 2043 3625 persona,
2076 3568 2195 3614 sicut

79 3635 307 3682 Homerus
340 3637 397 3681 de
427 3650 606 3690 somno,
638 3636 731 3680 vid.
762 3649 807 3693 p.
830 3636 900 3683 31.

258 3703 290 3759 ⁸)
320 3702 457 3760 frgm.
488 3700 559 3755 38,
581 3703 602 3746 l
647 3698 875 3756 δασπλῆτα
903 3701 1131 3761 Χάρυβδιν
1181 3706 1335 3748 utrum
1378 3702 1425 3744 in
1469 3701 1558 3745 hoc
1600 3713 1792 3744 numero
1835 3700 1897 3745 sit
1927 3700 2194 3745 habendum

80 3780 240 3822 necne,
272 3768 515 3822 incertum,
549 3768 643 3814 vid.
677 3782 720 3826 p.
752 3767 824 3813 33.

258 3834 292 3891 ⁴)
325 3848 350 3878 e
381 3835 653 3879 recensione
687 3834 739 3879 G.
764 3834 962 3879 Dindorf
992 3837 1062 3881 ed.
1095 3836 1269 3880 Mekler
1303 3834 1428 3878 1885.
