2450 4146
960 252 1328 307 -59-

80 405 299 471 λέγουσι
336 402 424 455 καὶ
465 402 775 470 ςκρούματα’
815 402 877 454 τὰ
929 402 1202 470 αὐλήματα
1248 401 1510 461 καλοῦσιν,
1563 401 1670 453 ἀπὸ
1719 406 1811 470 τῆς
1860 402 2022 470 λύρας
2073 402 2209 470 λαμ-

80 485 327 553 βάνοντες
375 482 467 541 τὰς
511 484 870 551 προσηγορίας
920 481 1069 536 locos
1121 498 1217 536 eos
1270 480 1526 535 collectos
1579 498 1615 534 a
1664 480 1922 535 Jacobsio
1974 481 2033 535 in
2070 481 2210 536 Ani-

81 562 381 620 madversa
420 563 478 616 in
519 563 682 632 epigr.
721 563 947 617 Anthol.
989 562 1177 618 Graec.
1218 561 1324 618 vol.
1364 562 1454 631 1,2
1493 578 1542 632 p.
1572 562 1695 632 353,
1753 563 1954 632 quibus
1993 570 2207 633 κροῦμα

83 643 149 698 de
175 643 438 698 tibiarum
478 660 615 696 sono
656 646 978 714 usurpatur3
1018 642 1171 698 haud
1210 642 1371 697 aliter
1408 644 1620 712 κρούειν
1660 646 1747 697 est
1774 642 1841 697 de
1882 643 1960 697 eis
1989 661 2210 715 quoque

79 725 481 792 instrumentiS,
507 724 707 794 quibus
729 724 921 780 flando
952 724 1194 779 efficitur
1221 742 1407 793 sonUS,
1436 725 1494 778 in
1519 723 1712 792 fragm.
1735 741 1868 778 com.
1897 723 2082 796 adesp.
2095 724 2209 779 415

81 808 231 860 αὗλεῖ
248 806 647 874 Μαριανδυνοῖς
672 807 931 875 καλάμοις
955 807 1173 875 κρούων
1200 806 1371 873 Ἰαστί,
1411 805 1656 876 itemque
1695 808 1902 875 κρέκειν
1929 805 2211 876 Aristoph.

79 887 183 941 AV.
212 886 320 940 682
358 888 606 955 κρέκουσ’
629 888 810 948 αὐλόν,
851 888 1018 958 Anyt.
1044 886 1100 940 in
1129 885 1374 959 Append.
1402 885 1556 941 Plan.
1582 886 1708 953 231,
1726 887 1758 938 2
1794 889 1999 956 κρέκεις
2025 888 2210 941 δόνακι

82 968 231 1038 alibi,
271 969 606 1036 πολύχορόος
647 966 883 1038 denique
922 970 988 1022 ut
1027 985 1062 1021 a
1097 966 1377 1021 Simonide
1419 966 1485 1022 de
1525 967 1677 1021 tibiis
1717 966 1914 1022 dicitur
1955 986 2040 1039 ap.
2067 968 2208 1024 Plat.

80 1048 212 1120 Rep.
241 1048 348 1104 399
369 1048 417 1102 D
457 1050 772 1109 αὐλοποιοὺς
798 1053 830 1118 ἢ
859 1050 1084 1119 αύλητὰς
1109 1051 1380 1118 παραδέξῃ
1422 1051 1493 1108 εἷς
1529 1050 1622 1118 τὴν
1659 1050 1839 1113 πόλιν,·
1879 1053 1911 1118 ἢ
1953 1052 2017 1103 οὗ
2054 1056 2207 1103 τοῦτο

79 1131 566 1200 πολυχορδότατον,·
617 1129 764 1184 unde
818 1148 922 1184 sua
971 1129 1142 1184 habet
1197 1129 1395 1184 Pollux
1434 1129 1717 1184 Onomast.
1757 1129 1848 1199 IV,
1869 1129 1940 1185 67
1978 1131 2214 1185 Πλάτων

83 1213 141 1265 δὲ
177 1213 267 1265 καὶ
304 1213 641 1280 πολύχορδον
678 1214 853 1282 εἴρηκε
878 1212 968 1265 τὸν
1007 1212 1182 1265 αὐλόν.
1241 1210 1317 1265 Ut
1350 1211 1435 1264 his
1462 1211 1595 1264 locis
1609 1210 1707 1276 jd
1733 1211 1916 1281 tibias,
1955 1211 2038 1265 ita
2077 1212 2208 1266 alibi

82 1291 154 1346 ad
199 1309 394 1346 vocem
443 1291 750 1346 humanam
789 1291 1123 1346 transfertur
1172 1293 1519 1361 πολύχορὸος,
1573 1292 1661 1347 cfr.
1701 1291 1881 1363 Eurip.
1920 1292 2059 1346 Med.
2101 1292 2212 1347 196

80 1375 432 1444 πολυχόρδοις
451 1375 616 1443 ᾠδαῖς
660 1374 824 1428 RheS.
840 1374 949 1428 548
969 1375 1401 1443 πολυχορδοτάτᾳ
1423 1375 1589 1443 γήρυϊ.
1629 1373 1889 1443 Invicem,
1913 1391 2056 1444 quae
2083 1374 2208 1428 voci

79 1455 361 1510 humanae
414 1456 770 1525 conveniunt,
827 1453 899 1508 ad
950 1454 1118 1509 tibias
1168 1454 1357 1508 referri
1402 1454 1659 1523 vidimuS‚
1714 1455 1804 1509 cfr.
1853 1472 2022 1525 supra
2058 1473 2107 1526 p.
2136 1455 2212 1509 58

82 1554 123 1590 s,
151 1553 269 1590 voc.
295 1538 589 1606 καλλιβόας.
650 1537 796 1590 Ante
825 1536 1162 1590 Simonidem
1187 1537 1522 1605 πολύχορὸος
1561 1553 1674 1590 non
1699 1536 1996 1605 invenitur,
2035 1538 2209 1606 χορδή

0 1617 1 1622 ’
80 1618 239 1672 Hom.
279 1639 322 1687 <p
347 1617 457 1672 407
496 1617 548 1671 h.
574 1617 733 1672 Merc.
762 1618 847 1673 51.

90 1731 93 1738 =
265 1702 743 1768 τανυπτέρυγος.
793 1697 855 1752 fr.
885 1699 971 1765 32,
990 1699 1022 1752 3
1049 1700 1438 1768 τανυπτερύγου
1462 1701 1635 1767 μυίας.
1698 1699 2033 1768 Τανυπτέρυξ
2056 1701 2211 1752 τανύ-

0 1773 1 1802 ³
81 1801 269 1849 πτερος
305 1783 672 1850 τανυσίπτερος
730 1780 919 1834 avium
977 1782 1110 1834 sunt
1167 1779 1415 1851 epitheta
1472 1778 1620 1851 apud
1679 1780 1861 1850 epicos
1895 1780 2209 1851 ¹lyricosque

85 1863 417 1931 (τανύπτερος
471 1862 711 1929 sagittae
767 1861 1003 1915 Timoth.
1060 1860 1206 1916 Pers.
1249 1860 1365 1931 30),
1438 1859 1587 1931 apud
1638 1878 1776 1931 quos
1826 1864 2214 1930 τανυπτέρυγος

0 1942 1 2003 J
82 1945 274 1997 tamen
305 1942 659 1997 desideratur
675 1943 742 2014 43)
797 1941 1198 2014 (recentissima
1250 1943 1438 1996 aetate
1477 1942 1678 2009 legitur
1729 1959 1813 2012 ap.
1854 1941 2208 2010 Manethon.).

83 2023 356 2078 Videlicet
394 2024 541 2078 idem
582 2025 814 2078 interest
851 2023 997 2077 inter
1030 2023 1133 2076 has
1175 2023 1315 2076 duas
1353 2022 1561 2076 formas
1602 2025 1924 2091 τανυπτέρυξ
1963 2024 2019 2076 et
2055 2044 2212 2076 τανυ-

83 2108 354 2175 πτέρυγος,
397 2105 545 2176 quod
570 2105 716 2159 inter
743 2107 1118 2173 γαμψώνυχοι;
1153 2103 1458 2174 Epicharm.
1497 2104 1560 2157 fr.
1588 2104 1660 2157 30
1700 2106 1756 2158 et
1794 2106 2212 2173 γαμυψώνυχεςτ

83 2185 243 2240 Hom.
281 2186 476 2240 11428
513 2208 553 2239 π
579 2187 687 2241 217
726 2208 759 2255 χ
787 2186 909 2240 302.

268 2269 717 2337 τετράγωνος.
801 2266 864 2320 fr.
892 2268 995 2337 5,2
1035 2268 1182 2336 ἄνδρ’
1227 2308 1237 2319 .
1267 2309 1278 2319 .
1306 2307 1317 2320 .
1356 2268 1532 2335 χερσίν
1568 2287 1622 2319 τε
1671 2267 1760 2318 καὶ
1810 2266 1934 2319 ποσὶ
1971 2267 2060 2318 καὶ
2097 2267 2212 2335 νόῳ

83 2351 425 2418 τετράγωνον.
504 2348 812 2402 Simonides
853 2348 985 2402 dicit
1024 2347 1090 2401 de
1130 2347 1367 2409 homine,
1418 2347 1512 2418 qui
1550 2346 1622 2401 ab
1662 2346 1917 2400 omnibus
1956 2347 2209 2417 partibus

87 2433 145 2484 et
197 2431 435 2501 corporis
488 2433 546 2484 et
595 2430 803 2498 ingenii
856 2432 943 2483 est
993 2427 1212 2483 validus
1265 2446 1329 2483 ac
1379 2428 1579 2496 fortis3¹
1623 2445 1791 2499 quam
1845 2427 1938 2481 alii
1990 2445 2209 2498 quoque

85 2514 448 2581 respexerunt
485 2510 844 2579 locutionem3
896 2509 1003 2565 vid.
1044 2508 1297 2580 exempla
1335 2528 1370 2563 a
1405 2508 1638 2576 Bergkio
1680 2507 1753 2562 ad
1790 2509 1888 2563 loc.
1930 2511 2207 2576 congesta.

271 2594 663 2662 χλωραύχην.
724 2591 787 2645 fr.
815 2592 902 2661 73,
920 2591 954 2643 2
995 2591 1216 2660 ἀηδόνες
1244 2633 1254 2643 ,
1283 2633 1293 2643 .
1322 2633 1332 2644 .
1358 2592 1735 2660 χλωραύχενες.
1774 2589 2024 2643 Variatio
2052 2588 2208 2642 Vide-

86 2675 178 2727 tur
216 2673 490 2727 Homerici
527 2675 760 2742 χλωρηὶς
799 2674 1000 2742 ἀηδών,
1039 2670 1148 2726 vid.
1186 2693 1213 2725 τ
1239 2672 1362 2739 518,
1417 2672 1643 2725 affertur
1682 2673 1872 2724 autem
1922 2670 2010 2723 hic
2054 2669 2211 2722 locus

89 2746 438 2808 Simonideus
489 2754 549 2807 in
600 2753 835 2825 Etymol.
875 2752 1055 2820 Magn.
1107 2770 1203 2824 pro
1254 2752 1592 2820 testimonio,
1651 2769 1757 2822 quo
1797 2750 2020 2807 Homeri
2071 2749 2207 2803 illud

89 2835 155 2889 de
194 2852 502 2906 pennarum
547 2834 813 2888 lusciniae
867 2833 1044 2887 colore
1098 2851 1219 2888 esse
1271 2834 1653 2905 accipiendum
1706 2832 2070 2899 confirmetur,
2114 2829 2207 2884 cfr.

89 2935 129 2970 S.
180 2933 298 2970 voc.
338 2917 569 2985 χλωρηίς
626 2917 840 2985 ἀηδών·
898 2916 1003 2967 ἀπὸ
1059 2921 1151 2968 τοῦ
1206 2918 1521 2985 χρώματος·
1561 2919 1594 2983 ἢ
1630 2955 1640 2967 .
1677 2956 1687 2967 .
1724 2958 1734 2968 .
1762 2953 1774 2972 ,
1815 2915 1867 2965 οἷ
1923 2913 1980 2964 δὲ
2014 2952 2025 2965 .
2062 2952 2072 2964 .
2109 2956 2119 2966 .
2154 2954 2166 2965 .
2195 2953 2207 2965 .

80 2999 301 3067 Ἀληθὲς
341 2999 398 3050 δὲ
435 2998 495 3050 τὸ
532 3003 747 3066 πρῶτον
769 3014 779 3023 ·
818 2998 1058 3065 τοιαύτην
1096 2997 1195 3066 γὰρ
1244 2998 1338 3066 τὴν
1383 2999 1642 3066 πτέρωσιν
1681 2997 1798 3062 ἔχει.
1875 2993 1980 3044 Καὶ
2019 2993 2210 3060 Σιμω-

89 3081 265 3147 νίδης·
307 3077 639 3148 (sequuntur
678 3076 972 3131 Simonidis
1025 3077 1238 3149 verba);
1291 3077 1607 3131 conferatur
1644 3073 1898 3128 Eustath.
1939 3072 2010 3126 ad
2048 3072 2208 3126 Hom.

95 3158 330 3228 1875,41
363 3161 421 3212 et
446 3158 613 3214 schol.
642 3158 714 3211 ad
751 3157 1095 3212 Hom.z518.
1153 3159 1274 3213 Hac
1312 3162 1503 3212 tamen
1543 3156 1610 3209 de
1639 3153 1937 3208 Simonidei
1976 3153 2210 3224 epitheti

89 3240 546 3311 interpretatione
574 3237 924 3310 Bacchylidis
962 3239 1292 3294 carminibus
1332 3253 1508 3307 nuper
1545 3235 1788 3290 inventis
1829 3234 2209 3305 desperarunt.

90 3321 359 3376 Videmus
419 3321 564 3374 enim
623 3322 771 3388 apud
823 3320 970 3373 hunc
1023 3319 1169 3375 idem
1228 3319 1563 3374 adiectivum
1620 3317 1939 3385 χλωραύχην
1989 3314 2208 3385 puellae

93 3403 424 3457 attributum
461 3402 519 3454 in
568 3418 730 3454 carm.
758 3400 823 3467 V,
843 3401 912 3455 17
915 3402 946 3454 2
985 3403 1134 3455 λίπον
1172 3402 1515 3471 χλωραύχενα
1556 3400 1610 3449 ἓν
1651 3398 1860 3464 δώμασι
1898 3397 2211 3466 Δαϊάνειραν

91 3492 206 3554 νῆιν
263 3487 332 3537 ἔτι
388 3484 613 3552 χρυσέας
668 3482 942 3551 Κυπρίδος
996 3483 1392 3552 θελξιμβρότου.
1470 3479 1641 3544 Quem
1696 3478 1754 3530 in
1812 3476 1994 3531 locum
2054 3476 2206 3530 illam

92 3565 378 3620 notionem
418 3564 640 3617 minime
680 3561 872 3616 cadere
924 3580 1047 3617 cum
1084 3564 1142 3617 in
1181 3559 1471 3634 propatulo
1513 3560 1598 3627 sit,
1639 3556 1700 3612 G.
1741 3558 1798 3611 E.
1838 3557 2111 3611 Marindin
2147 3558 2207 3611 in

270 3690 324 3745 ⁴¹³)
355 3703 452 3735 var.
484 3690 589 3733 lect.
612 3687 746 3732 Hom.
773 3686 917 3732 T350
947 3687 1065 3747 ἅρπῃ
1095 3688 1230 3731 εἰκυῖα
1248 3685 1531 3742 τανυπτέρυγι
1561 3680 1796 3740 λιγυφώνῳ,
1829 3682 1909 3727 ubi
1939 3696 2060 3727 unus
2090 3683 2209 3728 liber

0 3798 1 3805 ,
94 3751 418 3815 τανῢπτέρῧγῶ;
467 3756 523 3799 de
563 3753 801 3799 Alcmanis
831 3752 888 3799 fr.
919 3753 990 3808 60,
1006 3755 1033 3799 ’7
1081 3754 1245 3798 οἰωνῶν
1290 3749 1404 3808 φῦλα
1447 3748 1773 3808 τανυπτερύγων
1817 3748 1933 3794 nihil
1979 3749 2208 3808 explorari

0 3855 1 3861 κ
95 3825 268 3881 potest.
