2450 4146
1135 220 1498 275 -28-

430 373 586 443 frgm.
625 370 770 439 53,2
811 371 1134 424 δινάεντα
1282 368 1620 436 Ἄναυρον
1657 369 1843 437 ὕπερ.
1920 365 2041 422 Hoc
2078 366 2391 439 epithetum

251 457 424 511 etiam
463 451 612 525 apud
651 452 835 522 epicos
873 449 1201 504 fluminibus
1240 448 1361 503 sive
1386 448 1444 502 in
1470 448 1795 503 universum
1821 449 1940 503 sive
1968 449 2133 503 certis
2159 447 2390 520 quibus-

252 538 382 593 dam
422 537 509 590 est
545 532 839 605 proprium.
903 530 953 585 Ν
957 548 1018 586 ec
1056 547 1188 585 vero
1229 546 1469 601 usquam
1496 528 1661 584 sicuti
1687 529 1837 602 apud
1862 528 2203 585 Simonidem
2225 543 2392 601 prae-³

254 618 475 690 ponitur
524 612 884 669 substantivo
938 628 1056 680 sue,
1107 611 1443 683 praepositio
1496 613 1689 665 autem
1740 610 1836 666 ubi
1886 613 2094 679 exstat,
2147 610 2391 666 mediam

251 700 410 754 tenet
460 698 676 768 partem
728 695 960 765 excepto
1008 710 1121 747 uno
1160 691 1281 747 loco
1320 691 1480 749 Hom.
1526 694 1578 746 Φ
1614 692 1739 750 206.
1816 693 2074 748 Ceterum
2113 710 2144 747 e
2182 709 2391 762 magna

249 780 411 851 copia
450 777 652 833 afferre
693 775 833 830 satis
861 774 1043 830 habeo
1083 775 1224 829 haec
1264 774 1541 845 exempla:
1580 772 1740 829 Hom.
1766 775 1820 828 B
1843 774 1953 830 877
1986 775 2043 828 E
2061 773 2172 830 479
2205 773 2255 829 Θ
2277 772 2391 830 490

249 861 380 915 Hes,
408 860 609 927 Theog.
638 857 747 912 337
786 856 1059 929 Panyass
1086 855 1150 910 fr.
1183 856 1267 925 18,
1290 855 1324 910 3
1366 854 1679 911 Antimach.
1706 854 1770 910 fr.
1797 856 1884 911 57.
1941 855 2241 911 Praeterea
2278 853 2389 911 duo

250 939 507 1012 exempla
544 939 912 994 inveniuntur
949 937 1100 1010 apud
1137 936 1531 1010 Bacchylidem
1568 936 1685 1006 XII,
1708 938 1813 993 77.
1840 936 1957 993 164.

426 1021 583 1091 frgm.
611 1020 758 1090 57,2
798 1022 1085 1080 ἀενάοις
1121 1025 1559 1090 ποταμοῖσιν.
1617 1019 1862 1073 Primum
1898 1017 2101 1088 legitur
2137 1036 2225 1091 ap.
2257 1017 2390 1075 Hes.

249 1105 384 1176 Opp.
411 1104 521 1159 737
560 1104 788 1157 αἰενάων
825 1107 1105 1172 ποταμῶν;
1157 1101 1388 1156 recurrit
1437 1099 1589 1173 apud
1627 1099 1813 1173 epicos
1851 1099 2028 1156 multo
2068 1099 2389 1156 recentioris

247 1184 470 1241 aetatis,

425 1265 554 1321 ibid.
607 1268 859 1321 ἄνθεσί
904 1268 949 1319 τ’
992 1268 1427 1335 εἰαρινοῖσιν.
1506 1263 1600 1319 cfr.
1638 1264 1798 1318 Hom.
1837 1265 1891 1318 Β
1926 1262 2000 1319 89
2050 1266 2132 1319 ἐπ’
2175 1265 2391 1319 ἄνθεσιν

247 1352 545 1419 εἰαρινοῖσιν
584 1349 643 1402 et
680 1346 839 1420 Cypr.
878 1346 1036 1417 frgm.
1076 1347 1111 1400 3
1151 1349 1207 1401 ἐν
1246 1348 1461 1401 ἄνθεσιν
1499 1349 1809 1416 εἰαρινοῖσιν.

425 1429 583 1499 frgm.
605 1429 678 1486 79
717 1430 990 1500 ἥδυμον
1026 1431 1259 1483 ὕπνον.
1316 1427 1499 1483 Huius
1537 1427 1836 1482 locutionis
1873 1426 2132 1500 exempla
2169 1426 2392 1496 collegit

247 1514 311 1568 L.
357 1511 561 1584 Meyer,
620 1511 926 1568 Handbuch
975 1513 1070 1566 der
1119 1511 1477 1583 yriechischen
1530 1511 1876 1582 Etymoloqie,
1927 1510 2168 1581 Leipzig.
2218 1508 2327 1564 vol.
2364 1507 2391 1563 Ι

247 1593 315 1666 (a.
361 1593 520 1662 1901)
561 1612 611 1666 p.
640 1592 749 1648 616
771 1610 850 1664 sq.
890 1610 932 1648 S.
972 1610 1024 1647 v.
1062 1593 1271 1662 ἥδυμος
1309 1594 1369 1647 et
1407 1590 1513 1647 vol.
1540 1590 1589 1645 Π
1625 1591 1696 1663 (a.
1743 1590 1902 1663 1902)
1940 1608 1992 1663 p.
2018 1590 2128 1646 256
2148 1607 2227 1663 sq.
2267 1608 2309 1646 S.
2336 1607 2389 1645 v.

244 1678 498 1747 νήδυμος.
563 1676 830 1746 Νήδυμος
857 1676 1064 1744 autem,
1106 1675 1265 1729 cuius
1292 1672 1361 1729 de
1388 1673 1543 1729 vocis
1582 1673 1753 1745 stirpe
1781 1676 1954 1745 atque
1981 1672 2391 1743 significatione

244 1758 361 1812 iam
413 1756 726 1830 antiquitus
779 1756 1223 1829 diceptabant7),
1277 1755 1519 1811 Homero
1571 1772 1697 1811 esse
1748 1753 2129 1823 tribuendum,
2181 1755 2392 1825 ἥδυμος

246 1839 518 1895 Simonidi
555 1837 951 1911 nonnullisque
992 1838 1130 1908 aliis,
1170 1838 1266 1910 qui
1302 1837 1460 1892 illum
1499 1837 1614 1893 sint
1651 1836 1859 1891 imitati
1892 1853 1996 1891 nec
2021 1838 2216 1892 tamen
2239 1838 2390 1892 recte

246 1922 612 1994 interpretati,
662 1920 830 1976 evicit
867 1920 1260 1990 Brugmannus
1298 1919 1358 1974 in
1402 1920 1593 1992 Indoq.
1634 1920 2021 1991 Forschunyen
2058 1917 2167 1974 vol.
2204 1916 2282 1973 XI
2318 1919 2389 1986 (a.

254 2003 414 2076 1900)
453 2022 505 2075 p.
533 2003 643 2059 278
663 2021 742 2075 sq.
818 2001 1157 2057 Habendum
1206 2001 1375 2070 igitur
1426 2000 1649 2056 videtur
1698 2001 1805 2055 hoc
1854 2002 2064 2071 ἥδυμος
2111 2016 2209 2072 pro
2261 2001 2389 2072 ety—

248 2085 520 2155 mologiae
560 2084 880 2139 testimonio
923 2084 1155 2156 antiquo
1194 2100 1365 2156 quam
1402 2100 1506 2138 nos
1546 2082 1779 2138 dicimus
1818 2081 2120 2151 vulgarem.
2161 2081 2278 2154 -—⁸)

427 2226 747 2298 Reliquae
805 2226 1183 2281 locutiones
1242 2224 1468 2296 epicae
1527 2223 1678 2296 apud
1730 2221 2070 2278 Simonidem
2127 2224 2389 2278 servatae

247 2310 386 2364 sunt
423 2308 551 2363 hae:

426 2389 582 2460 frgm.
611 2389 741 2457 5,16
779 2396 1012 2459 μοῖραν
1050 2392 1283 2450 αἰῶνος
1320 2405 1417 2461 pro
1458 2386 1691 2460 simplici
1715 2386 1941 2459 ponitur
1965 2386 2120 2441 vitae
2145 2386 2389 2455 notione,

247 2471 304 2527 id
342 2471 491 2545 quod
530 2470 670 2543 epici
707 2470 821 2525 stili
858 2471 1230 2526 imitationem
1269 2470 1434 2542 sapit,
1476 2468 1569 2524 cfr.
1608 2487 1658 2541 p.
1684 2468 1759 2525 47
1780 2486 1859 2541 sq.

426 2554 580 2624 frgm.
608 2553 659 2619 5,
681 2553 748 2608 17
787 2554 1166 2622 εὗρυέδεος
1204 2555 1357 2607 ὅσοι
1402 2552 1675 2621 καρπὸν
1721 2551 2072 2620 αἰνύμεθα
2110 2550 2388 2620 χθονός.

247 2636 350 2691 Cui
398 2635 519 2691 loco
574 2634 765 2707 epicae
816 2634 1131 2689 sententiae
1186 2633 1437 2705 exemplo
1489 2632 1742 2701 fuerunt,
1802 2631 1998 2704 quales
2051 2634 2187 2687 sunt
2236 2629 2389 2703 apud

245 2718 551 2774 Homerum
589 2717 643 2770 Z
668 2714 772 2771 142
809 2718 1035 2786 βροτῶν,
1075 2718 1131 2769 οἳ
1164 2718 1401 2786 ἀρούρης
1426 2715 1638 2785 καρπὸν
1668 2716 1879 2769 ἔδουσιν
1938 2714 1990 2767 Φ
2012 2713 2123 2768 465
2150 2714 2388 2783 ἀρούρης

245 2800 457 2869 καρπὸν
495 2800 700 2858 ἔδοντες
751 2798 794 2852 θ
831 2796 941 2851 222
980 2798 1128 2850 ὅσσοι
1166 2804 1260 2851 νῦν
1297 2799 1483 2868 βροτοί
1516 2799 1641 2851 εἰσιν
1682 2797 1771 2850 ἐπὶ
1807 2796 1966 2866 χθονὶ
2003 2800 2144 2849 σῖτον
2181 2795 2388 2855 ἔδοντες

246 2904 266 2936 ι
292 2882 364 2936 89
403 2883 608 2941 οἵτινες
634 2882 816 2950 ἀνέρες
841 2878 942 2934 εἷεν
967 2879 1052 2932 ἐπὶ
1077 2880 1235 2947 χθονὶ
1261 2886 1400 2933 σῖτον
1426 2881 1648 2939 ἔδοντες.
1716 2876 1977 2932 Imitatus
2004 2879 2093 2932 est
2117 2874 2386 2932 Horatius

250 2981 413 3018 carm.
453 2963 517 3031 H,
541 2962 629 3031 14,
657 2961 738 3017 10.

427 3043 586 3114 frgm.
625 3043 732 3113 8,1
772 3042 1270 3100 Πολυδεύκεος
1306 3045 1434 3110 βία.
1498 3041 1772 3097 Videlicet
1813 3039 2125 3095 Simonides
2158 3037 2387 3094 Homeri

252 3124 495 3181 locorum
545 3125 823 3181 rationem
874 3122 1077 3179 habuit
1112 3122 1168 3176 Γ
1201 3123 1307 3177 105
1348 3125 1399 3176 Ρ
1429 3123 1536 3180 187
1575 3125 1632 3177 Σ
1666 3123 1774 3179 117
1823 3123 1877 3175 Y
1906 3122 2016 3179 307
2052 3122 2116 3176 Χ
2147 3120 2257 3176 323
2297 3120 2384 3188 aL,

252 3206 446 3262 eodem
498 3206 661 3263 modo
712 3208 802 3277 βία
853 3203 1190 3261 vocabulum
1229 3208 1570 3275 usurparunt
1606 3203 1761 3260 Pind.
1801 3202 1880 3259 Ol.
1920 3203 1960 3274 I,
1983 3202 2052 3259 91
2073 3200 2180 3278 [88]
2219 3200 2384 3274 Pyth.

254 3285 341 3354 XI,
363 3288 430 3341 61
462 3288 608 3355 alibi,
651 3286 911 3360 Bacchyl.
937 3285 1004 3355 V,
1027 3286 1156 3355 181;
1195 3282 1263 3339 de
1304 3287 1635 3354 tragicorum
1674 3303 1783 3341 usu
1823 3284 2115 3355 diligenter
2151 3286 2385 3353 egerunt

255 3365 365 3421 Ric.
388 3369 608 3424 Schenk
633 3370 666 3425 l.
694 3386 736 3425 c.
763 3388 814 3442 p.
836 3370 906 3425 15
927 3385 1044 3440 sqq.
1095 3365 1277 3422 Herm.
1300 3366 1587 3423 Rackwitz
1613 3369 1647 3423 1.
1675 3386 1718 3424 c.
1744 3384 1795 3440 p.
1814 3367 1889 3423 42
1911 3384 2027 3438 sqq.
2084 3365 2387 3420 Praeterea

258 3448 436 3502 totum
461 3449 566 3505 hoc
592 3451 928 3506 circuitionis
948 3466 1127 3520 genus
1152 3446 1547 3503 adumbratum
1572 3450 1827 3505 invenies
1846 3446 2163 3515 K.-G.11⁸,1
2184 3463 2236 3518 p.
2257 3446 2382 3502 280.

432 3530 583 3598 frgm.
631 3531 783 3598 36,2
836 3534 1020 3586 θεῶν
1066 3572 1078 3585 .
1116 3574 1129 3586 .
1169 3570 1180 3584 .
1228 3530 1566 3585 ἀνάκτων.
1658 3530 1925 3587 conferas
1981 3526 2140 3583 Hom.
2189 3549 2234 3597 μ
2271 3527 2384 3583 290

435 3674 467 3727 ⁷)
500 3675 583 3720 cir.
614 3677 685 3721 La
714 3676 889 3730 Reche.
923 3675 1207 3725 Home-ivone
1242 3675 1491 3722 Tooetkritik
1521 3690 1565 3735 p.
1586 3678 1688 3724 315.

436 3739 468 3792 ⁸)
501 3738 579 3784 His
610 3740 759 3786 addas
790 3740 848 3793 ἐξ
877 3741 1117 3798 ἀδήλωνε
1146 3738 1455 3799 τριγλώχιν
1485 3741 1680 3791 ὀιστός
1709 3740 1962 3802 frgm.248‚
1986 3739 2381 3789 ctr.Hom.E393

262 3796 391 3854 ‘3⁸⁰¹4'0
422 3816 489 3857 to·
521 3806 570 3844 A
597 3805 685 3850 507
716 3805 766 3860 ἰῷ
797 3821 878 3859 to..
910 3810 1123 3856 similiter
1153 3810 1191 3852 θ
1221 3808 1309 3855 297
1339 3806 1653 3866 τανυγλώχινας
1684 3808 1863 3855 ὀιστούς.
