<?xml version="1.0" encoding="UTF-8"?>
<!DOCTYPE html PUBLIC "-//W3C//DTD XHTML 1.0 Transitional//EN"
    "http://www.w3.org/TR/xhtml1/DTD/xhtml1-transitional.dtd">
<html xmlns="http://www.w3.org/1999/xhtml" xml:lang="en" lang="en">
 <head>
  <title>
</title>
<meta http-equiv="Content-Type" content="text/html;charset=utf-8" />
  <meta name='ocr-system' content='tesseract 3.04.00' />
  <meta name='ocr-capabilities' content='ocr_page ocr_carea ocr_par ocr_line ocrx_word'/>
</head>
<body>
  <div class='ocr_page' id='page_1' title='image "./desimonidisceime00schruoft_0091.png"; bbox 0 0 2450 4146; ppageno 0'>
   <div class='ocr_carea' id='block_1_1' title="bbox 0 701 7 3654">
    <p class='ocr_par' dir='ltr' id='par_1_1' title="bbox 0 701 7 3654">
     <span class='ocr_line' id='line_1_1' title="bbox 0 701 7 3654; baseline 0 0"><span class='ocrx_word' id='word_1_1' title='bbox 0 701 7 3654; x_wconf 95' lang='lat' dir='ltr'><strong> </strong></span> 
     </span>
    </p>
   </div>
   <div class='ocr_carea' id='block_1_2' title="bbox 939 687 1262 779">
    <p class='ocr_par' dir='ltr' id='par_1_2' title="bbox 939 687 1262 779">
     <span class='ocr_line' id='line_1_2' title="bbox 939 687 1262 779; baseline 0 -1"><span class='ocrx_word' id='word_1_2' title='bbox 939 687 1262 779; x_wconf 82' lang='lat' dir='ltr'><strong>Vita.</strong></span> 
     </span>
    </p>
   </div>
   <div class='ocr_carea' id='block_1_3' title="bbox 1017 869 1195 876">
    <p class='ocr_par' dir='ltr' id='par_1_3' title="bbox 1017 869 1195 876">
     <span class='ocr_line' id='line_1_3' title="bbox 1017 869 1195 876; baseline 0 0"><span class='ocrx_word' id='word_1_3' title='bbox 1017 869 1195 876; x_wconf 95' lang='lat' dir='ltr'><strong> </strong></span> 
     </span>
    </p>
   </div>
   <div class='ocr_carea' id='block_1_4' title="bbox 0 966 2185 3061">
    <p class='ocr_par' dir='ltr' id='par_1_4' title="bbox 0 966 2185 3061">
     <span class='ocr_line' id='line_1_4' title="bbox 225 966 2162 1041; baseline 0.004 -22"><span class='ocrx_word' id='word_1_4' title='bbox 225 966 406 1020; x_wconf 91' lang='lat' dir='ltr'><strong>Natus</strong></span> <span class='ocrx_word' id='word_1_5' title='bbox 459 984 582 1020; x_wconf 92' lang='lat' dir='ltr'><strong>sum</strong></span> <span class='ocrx_word' id='word_1_6' title='bbox 633 967 933 1022; x_wconf 82' lang='lat' dir='ltr'><strong>Fridericus</strong></span> <span class='ocrx_word' id='word_1_7' title='bbox 974 967 1103 1023; x_wconf 92' lang='lat' dir='ltr'><strong>Otto</strong></span> <span class='ocrx_word' id='word_1_8' title='bbox 1144 967 1450 1024; x_wconf 81' lang='lat' dir='ltr'>Guilelmus</span> <span class='ocrx_word' id='word_1_9' title='bbox 1491 970 1780 1026; x_wconf 85' lang='lat' dir='ltr'><strong>Schroeter</strong></span> <span class='ocrx_word' id='word_1_10' title='bbox 1828 972 2162 1041; x_wconf 89' lang='lat' dir='ltr'><strong>Liegnitziae</strong></span> 
     </span>
     <span class='ocr_line' id='line_1_5' title="bbox 50 1045 2161 1121; baseline 0.003 -20"><span class='ocrx_word' id='word_1_11' title='bbox 50 1064 99 1101; x_wconf 87' lang='lat' dir='ltr'><strong>a.</strong></span> <span class='ocrx_word' id='word_1_12' title='bbox 152 1045 200 1100; x_wconf 88' lang='lat' dir='ltr'><strong>d.</strong></span> <span class='ocrx_word' id='word_1_13' title='bbox 257 1047 346 1103; x_wconf 93' lang='lat' dir='ltr'><strong>XI.</strong></span> <span class='ocrx_word' id='word_1_14' title='bbox 398 1047 518 1107; x_wconf 84' lang='lat' dir='ltr'><strong>Kal.</strong></span> <span class='ocrx_word' id='word_1_15' title='bbox 570 1048 725 1103; x_wconf 83' lang='lat' dir='ltr'><strong>Febr.</strong></span> <span class='ocrx_word' id='word_1_16' title='bbox 779 1066 826 1105; x_wconf 89' lang='lat' dir='ltr'><strong>a.</strong></span> <span class='ocrx_word' id='word_1_17' title='bbox 876 1049 1019 1104; x_wconf 80' lang='lat'>1883</span> <span class='ocrx_word' id='word_1_18' title='bbox 1079 1051 1236 1121; x_wconf 85' lang='lat' dir='ltr'><strong>patre</strong></span> <span class='ocrx_word' id='word_1_19' title='bbox 1288 1050 1574 1120; x_wconf 83' lang='lat' dir='ltr'><strong>FridericO,</strong></span> <span class='ocrx_word' id='word_1_20' title='bbox 1639 1055 1815 1107; x_wconf 93' lang='lat' dir='ltr'><strong>matre</strong></span> <span class='ocrx_word' id='word_1_21' title='bbox 1866 1053 2081 1108; x_wconf 91' lang='lat' dir='ltr'><strong>Helena</strong></span> <span class='ocrx_word' id='word_1_22' title='bbox 2132 1072 2161 1108; x_wconf 94' lang='lat' dir='ltr'><strong>e</strong></span> 
     </span>
     <span class='ocr_line' id='line_1_6' title="bbox 48 1128 2161 1205; baseline 0.003 -23"><span class='ocrx_word' id='word_1_23' title='bbox 48 1129 214 1196; x_wconf 88' lang='lat' dir='ltr'><strong>gente</strong></span> <span class='ocrx_word' id='word_1_24' title='bbox 241 1128 525 1184; x_wconf 77' lang='lat' dir='ltr'><strong>Matthiae.</strong></span> <span class='ocrx_word' id='word_1_25' title='bbox 590 1128 778 1184; x_wconf 83' lang='lat' dir='ltr'>Fidem</span> <span class='ocrx_word' id='word_1_26' title='bbox 816 1130 1079 1201; x_wconf 85' lang='lat' dir='ltr'><strong>profiteor</strong></span> <span class='ocrx_word' id='word_1_27' title='bbox 1117 1132 1506 1200; x_wconf 89' lang='lat' dir='ltr'><strong>evangelicam.</strong></span> <span class='ocrx_word' id='word_1_28' title='bbox 1562 1132 1894 1188; x_wconf 79' lang='lat' dir='ltr'><strong>Litterarum</strong></span> <span class='ocrx_word' id='word_1_29' title='bbox 1934 1134 2161 1205; x_wconf 88' lang='lat' dir='ltr'><strong>primor-</strong></span> 
     </span>
     <span class='ocr_line' id='line_1_7' title="bbox 48 1208 2161 1284; baseline 0.003 -21"><span class='ocrx_word' id='word_1_30' title='bbox 48 1208 150 1264; x_wconf 83' lang='lat' dir='ltr'><strong>diis</strong></span> <span class='ocrx_word' id='word_1_31' title='bbox 188 1210 494 1264; x_wconf 90' lang='lat' dir='ltr'><strong>instructus</strong></span> <span class='ocrx_word' id='word_1_32' title='bbox 545 1211 781 1282; x_wconf 91' lang='lat' dir='ltr'><strong>primum</strong></span> <span class='ocrx_word' id='word_1_33' title='bbox 818 1211 1139 1266; x_wconf 83' lang='lat' dir='ltr'><strong>Herfordiae</strong></span> <span class='ocrx_word' id='word_1_34' title='bbox 1179 1211 1663 1284; x_wconf 85' lang='lat' dir='ltr'><strong>Guestphalorum,</strong></span> <span class='ocrx_word' id='word_1_35' title='bbox 1718 1213 1913 1269; x_wconf 93' lang='lat' dir='ltr'><strong>deinde</strong></span> <span class='ocrx_word' id='word_1_36' title='bbox 1953 1216 2161 1269; x_wconf 89' lang='lat' dir='ltr'><strong>Dessa-</strong></span> 
     </span>
     <span class='ocr_line' id='line_1_8' title="bbox 0 1290 2160 1364; baseline 0.003 -20"><span class='ocrx_word' id='word_1_37' title='bbox 0 1339 1 1355; x_wconf 63' lang='grc'>,</span> <span class='ocrx_word' id='word_1_38' title='bbox 45 1291 189 1361; x_wconf 88' lang='lat' dir='ltr'><strong>viae,</strong></span> <span class='ocrx_word' id='word_1_39' title='bbox 242 1290 408 1345; x_wconf 92' lang='lat' dir='ltr'><strong>huius</strong></span> <span class='ocrx_word' id='word_1_40' title='bbox 450 1291 636 1362; x_wconf 92' lang='lat' dir='ltr'><strong>oppidi</strong></span> <span class='ocrx_word' id='word_1_41' title='bbox 681 1293 1030 1364; x_wconf 89' lang='lat' dir='ltr'><strong>gymnasium</strong></span> <span class='ocrx_word' id='word_1_42' title='bbox 1081 1292 1433 1364; x_wconf 81' lang='lat' dir='ltr'><strong>frequentavi</strong></span> <span class='ocrx_word' id='word_1_43' title='bbox 1482 1293 1609 1348; x_wconf 87' lang='lat' dir='ltr'><strong>inde</strong></span> <span class='ocrx_word' id='word_1_44' title='bbox 1658 1313 1692 1348; x_wconf 90' lang='lat' dir='ltr'><strong>a</strong></span> <span class='ocrx_word' id='word_1_45' title='bbox 1730 1313 1859 1349; x_wconf 90' lang='lat' dir='ltr'><strong>vere</strong></span> <span class='ocrx_word' id='word_1_46' title='bbox 1912 1315 1958 1350; x_wconf 90' lang='lat' dir='ltr'><strong>a.</strong></span> <span class='ocrx_word' id='word_1_47' title='bbox 2004 1296 2160 1364; x_wconf 80' lang='lat'><strong>1892,</strong></span> 
     </span>
     <span class='ocr_line' id='line_1_9' title="bbox 0 1371 2162 1443; baseline 0.003 -19"><span class='ocrx_word' id='word_1_48' title='bbox 0 1402 1 1412; x_wconf 49' lang='lat'>1</span> <span class='ocrx_word' id='word_1_49' title='bbox 45 1373 255 1426; x_wconf 89' lang='lat' dir='ltr'><strong>rectore</strong></span> <span class='ocrx_word' id='word_1_50' title='bbox 276 1371 422 1443; x_wconf 90' lang='lat' dir='ltr'><strong>quod</strong></span> <span class='ocrx_word' id='word_1_51' title='bbox 442 1372 682 1426; x_wconf 87' lang='lat' dir='ltr'><strong>florebat</strong></span> <span class='ocrx_word' id='word_1_52' title='bbox 694 1373 988 1442; x_wconf 89' lang='lat' dir='ltr'><strong>Kruegero,</strong></span> <span class='ocrx_word' id='word_1_53' title='bbox 1011 1374 1174 1428; x_wconf 89' lang='lat' dir='ltr'><strong>floret</strong></span> <span class='ocrx_word' id='word_1_54' title='bbox 1188 1374 1416 1429; x_wconf 88' lang='lat' dir='ltr'><strong>Ballino.</strong></span> <span class='ocrx_word' id='word_1_55' title='bbox 1437 1375 1580 1429; x_wconf 90' lang='lat' dir='ltr'><strong>Vere</strong></span> <span class='ocrx_word' id='word_1_56' title='bbox 1603 1393 1650 1429; x_wconf 89' lang='lat' dir='ltr'><strong>a.</strong></span> <span class='ocrx_word' id='word_1_57' title='bbox 1666 1375 1800 1430; x_wconf 84' lang='grc'>1901</span> <span class='ocrx_word' id='word_1_58' title='bbox 1822 1377 2162 1431; x_wconf 87' lang='lat' dir='ltr'><strong>maturitatis</strong></span> 
     </span>
     <span class='ocr_line' id='line_1_10' title="bbox 44 1451 2161 1528; baseline 0.003 -22"><span class='ocrx_word' id='word_1_59' title='bbox 44 1451 426 1506; x_wconf 89' lang='lat' dir='ltr'><strong>testimonium</strong></span> <span class='ocrx_word' id='word_1_60' title='bbox 479 1452 714 1524; x_wconf 90' lang='lat' dir='ltr'><strong>adeptus</strong></span> <span class='ocrx_word' id='word_1_61' title='bbox 764 1454 1053 1525; x_wconf 88' lang='lat' dir='ltr'><strong>philologis</strong></span> <span class='ocrx_word' id='word_1_62' title='bbox 1105 1455 1302 1509; x_wconf 90' lang='lat' dir='ltr'><strong>studiis</strong></span> <span class='ocrx_word' id='word_1_63' title='bbox 1352 1473 1440 1510; x_wconf 93' lang='lat' dir='ltr'><strong>me</strong></span> <span class='ocrx_word' id='word_1_64' title='bbox 1497 1455 1678 1510; x_wconf 90' lang='lat' dir='ltr'><strong>dedidi</strong></span> <span class='ocrx_word' id='word_1_65' title='bbox 1716 1458 1892 1528; x_wconf 90' lang='lat' dir='ltr'><strong>prima</strong></span> <span class='ocrx_word' id='word_1_66' title='bbox 1943 1460 2161 1512; x_wconf 86' lang='lat' dir='ltr'><strong>aestate</strong></span> 
     </span>
     <span class='ocr_line' id='line_1_11' title="bbox 45 1531 2160 1607; baseline 0.003 -21"><span class='ocrx_word' id='word_1_67' title='bbox 45 1531 350 1602; x_wconf 86' lang='lat' dir='ltr'><strong>Tubingae,</strong></span> <span class='ocrx_word' id='word_1_68' title='bbox 398 1536 520 1588; x_wconf 89' lang='lat' dir='ltr'><strong>tum</strong></span> <span class='ocrx_word' id='word_1_69' title='bbox 558 1534 790 1604; x_wconf 88' lang='lat' dir='ltr'><strong>Lipsiae.</strong></span> <span class='ocrx_word' id='word_1_70' title='bbox 868 1537 947 1589; x_wconf 94' lang='lat' dir='ltr'><strong>Ac</strong></span> <span class='ocrx_word' id='word_1_71' title='bbox 986 1534 1291 1590; x_wconf 89' lang='lat' dir='ltr'><strong>docuerunt</strong></span> <span class='ocrx_word' id='word_1_72' title='bbox 1329 1554 1416 1590; x_wconf 95' lang='lat' dir='ltr'><strong>me</strong></span> <span class='ocrx_word' id='word_1_73' title='bbox 1456 1538 1558 1591; x_wconf 86' lang='lat' dir='ltr'><strong>viri</strong></span> <span class='ocrx_word' id='word_1_74' title='bbox 1595 1537 1950 1591; x_wconf 88' lang='lat' dir='ltr'><strong>illustrissimi</strong></span> <span class='ocrx_word' id='word_1_75' title='bbox 1988 1539 2160 1607; x_wconf 92' lang='lat' dir='ltr'><strong>Brug-</strong></span> 
     </span>
     <span class='ocr_line' id='line_1_12' title="bbox 44 1614 2159 1688; baseline 0.003 -21"><span class='ocrx_word' id='word_1_76' title='bbox 44 1630 232 1683; x_wconf 89' lang='lat' dir='ltr'><strong>mann,</strong></span> <span class='ocrx_word' id='word_1_77' title='bbox 286 1614 508 1684; x_wconf 89' lang='lat' dir='ltr'><strong>Heinze‚</strong></span> <span class='ocrx_word' id='word_1_78' title='bbox 562 1615 789 1683; x_wconf 84' lang='lat' dir='ltr'><strong>Herzog,</strong></span> <span class='ocrx_word' id='word_1_79' title='bbox 840 1615 979 1684; x_wconf 90' lang='lat' dir='ltr'><strong>Hirt‚</strong></span> <span class='ocrx_word' id='word_1_80' title='bbox 1031 1615 1186 1685; x_wconf 83' lang='lat' dir='ltr'><strong>Holz,</strong></span> <span class='ocrx_word' id='word_1_81' title='bbox 1239 1617 1511 1686; x_wconf 88' lang='lat' dir='ltr'><strong>Immisch,</strong></span> <span class='ocrx_word' id='word_1_82' title='bbox 1551 1617 1887 1688; x_wconf 85' lang='lat' dir='ltr'><strong>Jungmann,</strong></span> <span class='ocrx_word' id='word_1_83' title='bbox 1941 1619 2159 1688; x_wconf 84' lang='lat' dir='ltr'><strong>Kaerst,</strong></span> 
     </span>
     <span class='ocr_line' id='line_1_13' title="bbox 0 1693 2158 1771; baseline 0.003 -23"><span class='ocrx_word' id='word_1_84' title='bbox 0 1747 1 1768; x_wconf 47' lang='lat'><strong>,</strong></span> <span class='ocrx_word' id='word_1_85' title='bbox 43 1693 295 1763; x_wconf 89' lang='lat' dir='ltr'><strong>Koester,</strong></span> <span class='ocrx_word' id='word_1_86' title='bbox 360 1695 594 1766; x_wconf 85' lang='lat' dir='ltr'><strong>Lipsius,</strong></span> <span class='ocrx_word' id='word_1_87' title='bbox 659 1695 831 1765; x_wconf 87' lang='lat' dir='ltr'><strong>Marx,</strong></span> <span class='ocrx_word' id='word_1_88' title='bbox 899 1697 966 1751; x_wconf 94' lang='lat' dir='ltr'><strong>de</strong></span> <span class='ocrx_word' id='word_1_89' title='bbox 1018 1697 1316 1752; x_wconf 85' lang='lat' dir='ltr'><strong>Pfleiderer</strong></span> <span class='ocrx_word' id='word_1_90' title='bbox 1329 1697 1383 1769; x_wconf 80' lang='lat'><strong>†,</strong></span> <span class='ocrx_word' id='word_1_91' title='bbox 1451 1699 1517 1753; x_wconf 93' lang='lat' dir='ltr'><strong>de</strong></span> <span class='ocrx_word' id='word_1_92' title='bbox 1570 1699 1859 1767; x_wconf 83' lang='lat' dir='ltr'><strong>Schwabe,</strong></span> <span class='ocrx_word' id='word_1_93' title='bbox 1926 1700 2158 1771; x_wconf 84' lang='lat' dir='ltr'><strong>Sievers‚</strong></span> 
     </span>
     <span class='ocr_line' id='line_1_14' title="bbox 45 1775 2159 1852; baseline 0.002 -21.895"><span class='ocrx_word' id='word_1_94' title='bbox 45 1775 310 1843; x_wconf 87' lang='lat' dir='ltr'><strong>Sommer,</strong></span> <span class='ocrx_word' id='word_1_95' title='bbox 340 1775 539 1847; x_wconf 85' lang='lat' dir='ltr'><strong>Spitta,</strong></span> <span class='ocrx_word' id='word_1_96' title='bbox 569 1775 922 1846; x_wconf 87' lang='lat' dir='ltr'><strong>Studniczka,</strong></span> <span class='ocrx_word' id='word_1_97' title='bbox 939 1775 1163 1832; x_wconf 85' lang='lat' dir='ltr'><strong>Volkelt</strong></span> <span class='ocrx_word' id='word_1_98' title='bbox 1167 1778 1634 1852; x_wconf 84' lang='lat' dir='ltr'><strong>,Wachsmuth†,</strong></span> <span class='ocrx_word' id='word_1_99' title='bbox 1649 1779 1878 1849; x_wconf 91' lang='lat' dir='ltr'><strong>Wundt,</strong></span> <span class='ocrx_word' id='word_1_100' title='bbox 1901 1781 2159 1836; x_wconf 87' lang='lat' dir='ltr'><strong>Zarncke.</strong></span> 
     </span>
     <span class='ocr_line' id='line_1_15' title="bbox 0 1856 2160 1930; baseline 0.003 -20"><span class='ocrx_word' id='word_1_101' title='bbox 0 1923 1 1926; x_wconf 8' lang='grc' dir='ltr'><strong>Ἴ</strong></span> <span class='ocrx_word' id='word_1_102' title='bbox 43 1856 350 1928; x_wconf 87' lang='lat' dir='ltr'><strong>Postquam</strong></span> <span class='ocrx_word' id='word_1_103' title='bbox 371 1858 858 1912; x_wconf 81' lang='lat' dir='ltr'><strong>exercitationibus</strong></span> <span class='ocrx_word' id='word_1_104' title='bbox 881 1859 1158 1913; x_wconf 88' lang='lat' dir='ltr'><strong>seminarii</strong></span> <span class='ocrx_word' id='word_1_105' title='bbox 1177 1859 1436 1930; x_wconf 85' lang='lat' dir='ltr'><strong>philologi</strong></span> <span class='ocrx_word' id='word_1_106' title='bbox 1452 1860 1819 1929; x_wconf 88' lang='lat' dir='ltr'><strong>Tubingensis</strong></span> <span class='ocrx_word' id='word_1_107' title='bbox 1841 1861 2160 1916; x_wconf 90' lang='lat' dir='ltr'><strong>moderante</strong></span> 
     </span>
     <span class='ocr_line' id='line_1_16' title="bbox 0 1938 2159 2011; baseline 0.003 -20"><span class='ocrx_word' id='word_1_108' title='bbox 0 1957 1 2002; x_wconf 56' lang='lat'>3</span> <span class='ocrx_word' id='word_1_109' title='bbox 42 1938 273 2007; x_wconf 83' lang='lat' dir='ltr'><strong>Herzog,</strong></span> <span class='ocrx_word' id='word_1_110' title='bbox 313 1938 693 2009; x_wconf 90' lang='lat' dir='ltr'><strong>proseminarii</strong></span> <span class='ocrx_word' id='word_1_111' title='bbox 727 1939 985 2010; x_wconf 88' lang='lat' dir='ltr'><strong>philologi</strong></span> <span class='ocrx_word' id='word_1_112' title='bbox 1010 1939 1310 2011; x_wconf 86' lang='lat' dir='ltr'><strong>Lipsiensis</strong></span> <span class='ocrx_word' id='word_1_113' title='bbox 1348 1941 1670 1996; x_wconf 91' lang='lat' dir='ltr'><strong>moderante</strong></span> <span class='ocrx_word' id='word_1_114' title='bbox 1696 1942 1952 1997; x_wconf 93' lang='lat' dir='ltr'><strong>Immisch</strong></span> <span class='ocrx_word' id='word_1_115' title='bbox 1989 1944 2159 1997; x_wconf 90' lang='lat' dir='ltr'><strong>inter-</strong></span> 
     </span>
     <span class='ocr_line' id='line_1_17' title="bbox 0 2017 2157 2093; baseline 0.002 -21"><span class='ocrx_word' id='word_1_116' title='bbox 0 2019 1 2032; x_wconf 59' lang='lat'><em>*</em></span> <span class='ocrx_word' id='word_1_117' title='bbox 41 2017 141 2088; x_wconf 79' lang='lat' dir='ltr'><strong>fui,</strong></span> <span class='ocrx_word' id='word_1_118' title='bbox 199 2019 258 2073; x_wconf 91' lang='lat' dir='ltr'><strong>in</strong></span> <span class='ocrx_word' id='word_1_119' title='bbox 317 2020 671 2075; x_wconf 90' lang='lat' dir='ltr'><strong>seminarium</strong></span> <span class='ocrx_word' id='word_1_120' title='bbox 727 2020 1065 2090; x_wconf 91' lang='lat' dir='ltr'><strong>philologum</strong></span> <span class='ocrx_word' id='word_1_121' title='bbox 1120 2021 1402 2092; x_wconf 82' lang='lat' dir='ltr'><strong>Lipsiense</strong></span> <span class='ocrx_word' id='word_1_122' title='bbox 1460 2021 1872 2077; x_wconf 91' lang='lat' dir='ltr'><strong>moderantibus</strong></span> <span class='ocrx_word' id='word_1_123' title='bbox 1925 2023 2157 2093; x_wconf 90' lang='lat' dir='ltr'><strong>Lipsius,</strong></span> 
     </span>
     <span class='ocr_line' id='line_1_18' title="bbox 41 2099 2160 2175; baseline 0.002 -22"><span class='ocrx_word' id='word_1_124' title='bbox 41 2099 215 2170; x_wconf 85' lang='lat' dir='ltr'><strong>Marx,</strong></span> <span class='ocrx_word' id='word_1_125' title='bbox 254 2099 626 2155; x_wconf 87' lang='lat' dir='ltr'><strong>Wachsmuth</strong></span> <span class='ocrx_word' id='word_1_126' title='bbox 663 2103 917 2173; x_wconf 92' lang='lat' dir='ltr'><strong>receptus</strong></span> <span class='ocrx_word' id='word_1_127' title='bbox 969 2119 1107 2171; x_wconf 90' lang='lat' dir='ltr'><strong>sum,</strong></span> <span class='ocrx_word' id='word_1_128' title='bbox 1162 2102 1317 2156; x_wconf 91' lang='lat' dir='ltr'><strong>cuius</strong></span> <span class='ocrx_word' id='word_1_129' title='bbox 1358 2102 1562 2157; x_wconf 90' lang='lat' dir='ltr'><strong>sodalis</strong></span> <span class='ocrx_word' id='word_1_130' title='bbox 1602 2103 1908 2158; x_wconf 87' lang='lat' dir='ltr'><strong>ordinarius</strong></span> <span class='ocrx_word' id='word_1_131' title='bbox 1945 2103 2027 2158; x_wconf 85' lang='lat' dir='ltr'><strong>fui</strong></span> <span class='ocrx_word' id='word_1_132' title='bbox 2064 2123 2160 2175; x_wconf 91' lang='lat' dir='ltr'><strong>per</strong></span> 
     </span>
     <span class='ocr_line' id='line_1_19' title="bbox 41 2181 2159 2255; baseline 0.001 -20"><span class='ocrx_word' id='word_1_133' title='bbox 41 2182 151 2235; x_wconf 90' lang='lat' dir='ltr'><strong>tria</strong></span> <span class='ocrx_word' id='word_1_134' title='bbox 188 2181 492 2236; x_wconf 87' lang='lat' dir='ltr'><strong>semestria.</strong></span> <span class='ocrx_word' id='word_1_135' title='bbox 567 2181 673 2235; x_wconf 91' lang='lat' dir='ltr'><strong>Per</strong></span> <span class='ocrx_word' id='word_1_136' title='bbox 709 2184 794 2236; x_wconf 89' lang='lat' dir='ltr'><strong>ter</strong></span> <span class='ocrx_word' id='word_1_137' title='bbox 840 2200 1003 2237; x_wconf 92' lang='lat' dir='ltr'><strong>senos</strong></span> <span class='ocrx_word' id='word_1_138' title='bbox 1055 2201 1273 2237; x_wconf 91' lang='lat' dir='ltr'><strong>menses</strong></span> <span class='ocrx_word' id='word_1_139' title='bbox 1315 2183 1623 2255; x_wconf 91' lang='lat' dir='ltr'><strong>adscriptus</strong></span> <span class='ocrx_word' id='word_1_140' title='bbox 1675 2202 1824 2239; x_wconf 91' lang='lat' dir='ltr'><strong>eram</strong></span> <span class='ocrx_word' id='word_1_141' title='bbox 1877 2185 2159 2239; x_wconf 86' lang='lat' dir='ltr'><strong>sodalibus</strong></span> 
     </span>
     <span class='ocr_line' id='line_1_20' title="bbox 42 2261 2159 2335; baseline 0.002 -20"><span class='ocrx_word' id='word_1_142' title='bbox 42 2262 424 2333; x_wconf 87' lang='lat' dir='ltr'><strong>proseminarii</strong></span> <span class='ocrx_word' id='word_1_143' title='bbox 451 2261 764 2317; x_wconf 82' lang='lat' dir='ltr'><strong>Germanici</strong></span> <span class='ocrx_word' id='word_1_144' title='bbox 789 2264 1205 2318; x_wconf 88' lang='lat' dir='ltr'><strong>moderantibus</strong></span> <span class='ocrx_word' id='word_1_145' title='bbox 1234 2264 1299 2318; x_wconf 95' lang='lat' dir='ltr'><strong>de</strong></span> <span class='ocrx_word' id='word_1_146' title='bbox 1327 2263 1562 2333; x_wconf 88' lang='lat' dir='ltr'><strong>Bahder,</strong></span> <span class='ocrx_word' id='word_1_147' title='bbox 1604 2266 1837 2335; x_wconf 79' lang='lat' dir='ltr'><strong>SieverS,</strong></span> <span class='ocrx_word' id='word_1_148' title='bbox 1881 2267 2159 2320; x_wconf 89' lang='lat' dir='ltr'><strong>seminarii</strong></span> 
     </span>
     <span class='ocr_line' id='line_1_21' title="bbox 43 2342 2185 2416; baseline 0.004 -19"><span class='ocrx_word' id='word_1_149' title='bbox 43 2343 403 2414; x_wconf 89' lang='lat' dir='ltr'><strong>paedagogici</strong></span> <span class='ocrx_word' id='word_1_150' title='bbox 439 2343 763 2398; x_wconf 89' lang='lat' dir='ltr'><strong>moderante</strong></span> <span class='ocrx_word' id='word_1_151' title='bbox 788 2344 1124 2415; x_wconf 82' lang='lat' dir='ltr'><strong>Jungmann,</strong></span> <span class='ocrx_word' id='word_1_152' title='bbox 1166 2363 1262 2416; x_wconf 94' lang='lat' dir='ltr'><strong>per</strong></span> <span class='ocrx_word' id='word_1_153' title='bbox 1294 2345 1378 2399; x_wconf 87' lang='lat' dir='ltr'><strong>bis</strong></span> <span class='ocrx_word' id='word_1_154' title='bbox 1418 2363 1581 2400; x_wconf 88' lang='lat' dir='ltr'><strong>senos</strong></span> <span class='ocrx_word' id='word_1_155' title='bbox 1620 2347 1898 2400; x_wconf 89' lang='lat' dir='ltr'><strong>seminarii</strong></span> <span class='ocrx_word' id='word_1_156' title='bbox 1925 2342 2185 2405; x_wconf 61' lang='lat' dir='ltr'><strong>Germa-3</strong></span> 
     </span>
     <span class='ocr_line' id='line_1_22' title="bbox 43 2424 2154 2501; baseline 0.001 -23"><span class='ocrx_word' id='word_1_157' title='bbox 43 2424 152 2478; x_wconf 90' lang='lat' dir='ltr'><strong>nici</strong></span> <span class='ocrx_word' id='word_1_158' title='bbox 202 2424 619 2479; x_wconf 88' lang='lat' dir='ltr'><strong>moderantibus</strong></span> <span class='ocrx_word' id='word_1_159' title='bbox 670 2425 921 2494; x_wconf 89' lang='lat' dir='ltr'><strong>Koester,</strong></span> <span class='ocrx_word' id='word_1_160' title='bbox 981 2426 1216 2494; x_wconf 81' lang='lat' dir='ltr'><strong>SieverS,</strong></span> <span class='ocrx_word' id='word_1_161' title='bbox 1275 2426 1519 2480; x_wconf 85' lang='lat' dir='ltr'><strong>historici</strong></span> <span class='ocrx_word' id='word_1_162' title='bbox 1569 2426 1890 2482; x_wconf 88' lang='lat' dir='ltr'><strong>moderante</strong></span> <span class='ocrx_word' id='word_1_163' title='bbox 1941 2427 2154 2501; x_wconf 78' lang='lat' dir='ltr'><strong>Kaerst.</strong></span> 
     </span>
     <span class='ocr_line' id='line_1_23' title="bbox 41 2504 2152 2576; baseline 0.002 -18"><span class='ocrx_word' id='word_1_164' title='bbox 41 2504 338 2566; x_wconf 86' lang='lat' dir='ltr'><strong>Praeterea</strong></span> <span class='ocrx_word' id='word_1_165' title='bbox 388 2505 608 2576; x_wconf 89' lang='lat' dir='ltr'><strong>Lipsius</strong></span> <span class='ocrx_word' id='word_1_166' title='bbox 660 2506 894 2575; x_wconf 90' lang='lat' dir='ltr'><strong>benigne</strong></span> <span class='ocrx_word' id='word_1_167' title='bbox 952 2525 1040 2560; x_wconf 94' lang='lat' dir='ltr'><strong>me</strong></span> <span class='ocrx_word' id='word_1_168' title='bbox 1094 2506 1316 2561; x_wconf 92' lang='lat' dir='ltr'><strong>admisit</strong></span> <span class='ocrx_word' id='word_1_169' title='bbox 1373 2506 1443 2562; x_wconf 92' lang='lat' dir='ltr'><strong>ad</strong></span> <span class='ocrx_word' id='word_1_170' title='bbox 1497 2508 1820 2562; x_wconf 87' lang='lat' dir='ltr'><strong>societatem</strong></span> <span class='ocrx_word' id='word_1_171' title='bbox 1872 2507 2152 2569; x_wconf 85' lang='lat' dir='ltr'><strong>Graecam,</strong></span> 
     </span>
     <span class='ocr_line' id='line_1_24' title="bbox 45 2584 2153 2659; baseline 0.002 -21"><span class='ocrx_word' id='word_1_172' title='bbox 45 2585 280 2657; x_wconf 90' lang='lat' dir='ltr'><strong>denique</strong></span> <span class='ocrx_word' id='word_1_173' title='bbox 306 2584 478 2655; x_wconf 91' lang='lat' dir='ltr'><strong>Marx,</strong></span> <span class='ocrx_word' id='word_1_174' title='bbox 522 2586 886 2656; x_wconf 86' lang='lat' dir='ltr'><strong>Schmarsow,</strong></span> <span class='ocrx_word' id='word_1_175' title='bbox 929 2587 1264 2641; x_wconf 86' lang='lat' dir='ltr'><strong>Studniczka</strong></span> <span class='ocrx_word' id='word_1_176' title='bbox 1302 2587 1373 2641; x_wconf 90' lang='lat' dir='ltr'><strong>ad</strong></span> <span class='ocrx_word' id='word_1_177' title='bbox 1413 2588 1850 2658; x_wconf 81' lang='lat' dir='ltr'><strong>exercitationeS,</strong></span> <span class='ocrx_word' id='word_1_178' title='bbox 1893 2607 2031 2659; x_wconf 90' lang='lat' dir='ltr'><strong>quas</strong></span> <span class='ocrx_word' id='word_1_179' title='bbox 2069 2589 2153 2641; x_wconf 89' lang='lat' dir='ltr'><strong>in—</strong></span> 
     </span>
     <span class='ocr_line' id='line_1_25' title="bbox 43 2665 2154 2740; baseline 0.001 -20"><span class='ocrx_word' id='word_1_180' title='bbox 43 2667 359 2720; x_wconf 88' lang='lat' dir='ltr'><strong>stituerunt.</strong></span> <span class='ocrx_word' id='word_1_181' title='bbox 436 2665 644 2732; x_wconf 80' lang='lat' dir='ltr'><strong>Quibus</strong></span> <span class='ocrx_word' id='word_1_182' title='bbox 682 2668 815 2722; x_wconf 81' lang='lat' dir='ltr'><strong>viris</strong></span> <span class='ocrx_word' id='word_1_183' title='bbox 854 2667 1266 2722; x_wconf 92' lang='lat' dir='ltr'><strong>humanissimis</strong></span> <span class='ocrx_word' id='word_1_184' title='bbox 1306 2669 1559 2723; x_wconf 92' lang='lat' dir='ltr'><strong>omnibus</strong></span> <span class='ocrx_word' id='word_1_185' title='bbox 1598 2670 1804 2737; x_wconf 89' lang='lat' dir='ltr'><strong>gratias</strong></span> <span class='ocrx_word' id='word_1_186' title='bbox 1845 2686 1947 2736; x_wconf 90' lang='lat' dir='ltr'><strong>ago</strong></span> <span class='ocrx_word' id='word_1_187' title='bbox 1987 2686 2154 2740; x_wconf 86' lang='lat' dir='ltr'><strong>quam</strong></span> 
     </span>
     <span class='ocr_line' id='line_1_26' title="bbox 42 2747 2153 2820; baseline 0 -19"><span class='ocrx_word' id='word_1_188' title='bbox 42 2747 348 2816; x_wconf 72' lang='lat' dir='ltr'><strong>maximas,</strong></span> <span class='ocrx_word' id='word_1_189' title='bbox 386 2747 444 2800; x_wconf 90' lang='lat' dir='ltr'><strong>in</strong></span> <span class='ocrx_word' id='word_1_190' title='bbox 482 2748 670 2819; x_wconf 91' lang='lat' dir='ltr'><strong>primis</strong></span> <span class='ocrx_word' id='word_1_191' title='bbox 708 2748 843 2802; x_wconf 92' lang='lat' dir='ltr'><strong>Iulio</strong></span> <span class='ocrx_word' id='word_1_192' title='bbox 881 2749 1083 2803; x_wconf 88' lang='lat' dir='ltr'><strong>Kaerst</strong></span> <span class='ocrx_word' id='word_1_193' title='bbox 1122 2751 1389 2820; x_wconf 90' lang='lat' dir='ltr'><strong>quantum</strong></span> <span class='ocrx_word' id='word_1_194' title='bbox 1431 2750 1677 2820; x_wconf 87' lang='lat' dir='ltr'><strong>debeam,</strong></span> <span class='ocrx_word' id='word_1_195' title='bbox 1717 2766 2002 2819; x_wconf 90' lang='lat' dir='ltr'><strong>nunquam</strong></span> <span class='ocrx_word' id='word_1_196' title='bbox 2040 2767 2153 2803; x_wconf 91' lang='lat' dir='ltr'><strong>non</strong></span> 
     </span>
     <span class='ocr_line' id='line_1_27' title="bbox 42 2827 2150 2900; baseline 0.001 -18"><span class='ocrx_word' id='word_1_197' title='bbox 42 2827 380 2883; x_wconf 90' lang='lat' dir='ltr'><strong>recordabor.</strong></span> <span class='ocrx_word' id='word_1_198' title='bbox 439 2828 738 2900; x_wconf 91' lang='lat' dir='ltr'><strong>Praecipue</strong></span> <span class='ocrx_word' id='word_1_199' title='bbox 778 2832 968 2883; x_wconf 92' lang='lat' dir='ltr'><strong>autem</strong></span> <span class='ocrx_word' id='word_1_200' title='bbox 1006 2829 1278 2884; x_wconf 88' lang='lat' dir='ltr'><strong>Iustum</strong></span> <span class='ocrx_word' id='word_1_201' title='bbox 1316 2830 1795 2884; x_wconf 91' lang='lat' dir='ltr'><strong>Hermannum</strong></span> <span class='ocrx_word' id='word_1_202' title='bbox 1831 2829 2150 2900; x_wconf 83' lang='lat' dir='ltr'><strong>Lipsius,</strong></span> 
     </span>
     <span class='ocr_line' id='line_1_28' title="bbox 44 2909 2153 2981; baseline 0 -19"><span class='ocrx_word' id='word_1_203' title='bbox 44 2909 139 2980; x_wconf 89' lang='lat' dir='ltr'><strong>qui</strong></span> <span class='ocrx_word' id='word_1_204' title='bbox 181 2909 489 2963; x_wconf 88' lang='lat' dir='ltr'><strong>studiorum</strong></span> <span class='ocrx_word' id='word_1_205' title='bbox 539 2928 785 2964; x_wconf 93' lang='lat' dir='ltr'><strong>meorum</strong></span> <span class='ocrx_word' id='word_1_206' title='bbox 823 2909 1010 2964; x_wconf 85' lang='lat' dir='ltr'><strong>fautor</strong></span> <span class='ocrx_word' id='word_1_207' title='bbox 1061 2910 1277 2965; x_wconf 90' lang='lat' dir='ltr'><strong>exstitit</strong></span> <span class='ocrx_word' id='word_1_208' title='bbox 1312 2911 1884 2978; x_wconf 79' lang='lat' dir='ltr'><strong>benevolentissimUS,</strong></span> <span class='ocrx_word' id='word_1_209' title='bbox 1938 2928 2153 2981; x_wconf 90' lang='lat' dir='ltr'><strong>semper</strong></span> 
     </span>
     <span class='ocr_line' id='line_1_29' title="bbox 42 2991 854 3061; baseline 0.001 -18"><span class='ocrx_word' id='word_1_210' title='bbox 42 3006 346 3061; x_wconf 90' lang='lat' dir='ltr'><strong>prosequar</strong></span> <span class='ocrx_word' id='word_1_211' title='bbox 383 2991 542 3059; x_wconf 90' lang='lat' dir='ltr'><strong>grata</strong></span> <span class='ocrx_word' id='word_1_212' title='bbox 579 2991 854 3046; x_wconf 88' lang='lat' dir='ltr'><strong>memoria.</strong></span> 
     </span>
    </p>
   </div>
  </div>
 </body>
</html>
