2450 4146
955 230 1174 285 -17
1250 262 1361 276 -,

75 393 199 431 raro
245 374 446 443 legitur
482 392 585 429 nec
624 376 848 446 saepius
889 375 1036 448 apud
1075 377 1313 445 tragicos
1353 379 1522 449 atque
1560 378 1636 432 ibi
1675 379 1937 450 imprimis
1975 381 2032 434 in
2071 399 2198 453 par-

74 456 227 511 tibus
284 455 483 528 lyriciS,
538 455 630 509 cfr.
670 456 1006 527 K.-G.11⁸,2
1047 457 1081 530 ξ
1121 457 1295 527 539,5
1335 460 1521 513 annot.
1557 461 1591 513 2
1631 462 1690 514 et
1729 461 1795 514 de
1836 461 2200 530 elegiacorum

74 555 183 592 usu
220 537 569 609 potissimum
607 537 836 606 Weigel.
876 557 926 609 p.
953 539 1076 593 204.

254 617 546 688 Reliquum
586 621 685 686 est,
733 621 798 672 ut
848 637 945 673 eas
983 637 1410 691 percenseamus
1449 621 1765 692 particulae,
1806 623 2005 693 quibus
2046 625 2198 678 sub-

74 699 440 768 iunguntur
479 700 776 754 enuntiata
815 701 1134 755 enuntiatis,
1200 701 1322 767 Qua
1361 703 1648 756 occasione
1690 705 1910 758 omnino
1951 722 2198 776 compre-

73 779 381 835 hendemus
421 781 621 841 omnia,
679 798 822 851 quae
876 782 942 835 de
982 783 1387 836 sententiarum
1426 783 1876 838 secundariarum
1915 788 2200 840 structura

75 860 309 916 dicenda
344 860 619 916 videntur.

251 943 333 996 Ac
372 941 437 996 de
478 944 837 997 sententiis
876 944 1183 998 relativis
1223 944 1599 1014 disseruimuS,
1641 946 1736 999 ubi
1770 946 1836 1000 de
1862 949 2198 1018 pronomini-

73 1023 179 1078 bus
218 1023 510 1092 agebatur3
548 1023 662 1077 iam
702 1042 882 1094 pauca
920 1025 1026 1079 hoc
1062 1025 1182 1079 loco
1222 1028 1356 1079 sunt
1394 1025 1666 1080 addenda.

186 1173 190 1178 .
250 1105 494 1159 Primum
545 1105 765 1176 quidem
818 1107 1202 1161 coniunctivus
1254 1106 1449 1160 modus
1502 1108 1726 1177 ponitur
1773 1108 1844 1162 ad
1883 1109 2199 1177 generalem

73 1187 386 1241 sententiae
437 1185 704 1241 relativae
751 1186 994 1241 indolem
1033 1189 1134 1242 aut
1172 1187 1606 1242 condicionalem
1643 1189 1758 1243 vim
1798 1190 2198 1260 expediendam

74 1266 266 1322 addita
302 1267 577 1338 particula
615 1270 680 1321 ἄν
721 1269 771 1337 5,
796 1268 829 1321 3
869 1271 927 1328 ὃς
966 1272 1032 1322 ἂν
1069 1269 1105 1338 ᾗ
1142 1269 1311 1327 κακὸς
1347 1270 1478 1338 μηδ’
1522 1271 1654 1337 ἄγαν
1694 1271 2020 1340 ἀπάλαμνος,
2077 1273 2197 1327 Sine

71 1347 358 1420 particula,
411 1347 468 1402 id
519 1349 667 1420 quod
720 1367 916 1421 prosae
969 1350 1235 1403 orationis
1276 1350 1630 1421 scriptoribus
1669 1368 1782 1404 non
1819 1350 1964 1420 licet,
2016 1352 2198 1424 lyricis

69 1433 261 1484 tamen
287 1430 465 1498 magis
492 1430 550 1483 in
578 1448 686 1484 usu
713 1430 823 1484 fuit
851 1448 1020 1502 quam
1046 1431 1284 1485 Homero
1299 1430 1379 1499 31),
1419 1432 1628 1502 5,1132)
1666 1435 1726 1485 ὃν
1754 1434 2030 1502 ἄμάχανος
2059 1455 2196 1503 συμ-

32 1560 35 1563 .
71 1513 217 1581 φορὰ
237 1513 438 1581 καθέλῃ
480 1513 529 1580 5,
547 1511 619 1564 20
645 1513 787 1565 ἑκὼν
807 1513 942 1571 ὅστις
961 1514 1088 1582 ἔρδῃ
1109 1513 1278 1582 μηδὲν
1299 1514 1517 1582 αἰσχρόν
1558 1513 1645 1582 58,
1663 1514 1695 1567 5
1724 1513 1771 1582 ᾧ
1789 1515 1865 1583 μὴ
1890 1517 2199 1584 δακέθυμος

73 1594 237 1662 ἱδρὼς
275 1594 495 1646 ἔνδοθεν
531 1595 688 1662 μόλῃ,
731 1596 816 1662 ἵκῃ
855 1596 905 1645 τ’
947 1596 1000 1652 ἒς
1038 1596 1206 1663 ἄκρον
1245 1595 1391 1662 ἀνδρ.
1468 1593 1592 1647 Alio
1624 1593 1744 1648 loco
1774 1595 1822 1661 5,
1851 1595 1919 1648 14
1956 1595 2197 1650 fortasse

71 1673 346 1745 particula
382 1675 444 1727 κὲ
483 1691 512 1727 e
539 1673 789 1728 Platonis
829 1674 1011 1729 verbis
1053 1678 1248 1734 οὓς,ἂν
1287 1678 1340 1728 οἱ
1374 1677 1493 1728 θεοὶ
1532 1677 1722 1744 φιλῶσι
1762 1677 2070 1747 supplenda
2110 1679 2198 1731 est

70 1755 232 1809 metri
271 1755 524 1827 causa.33)
587 1755 800 1809 Deinde
838 1754 1176 1810 indicativus
1217 1758 1406 1809 exstat
1432 1755 1699 1810 adiuncta
1723 1757 1995 1827 particula
2019 1775 2195 1826 nega-

71 1836 240 1890 tionis
265 1838 341 1905 μή
382 1835 455 1890 ad
479 1836 900 1907 hypotheticam
926 1836 1212 1890 notionem
1239 1835 1616 1891 denotandam
1645 1838 1695 1906 5,
1718 1838 1753 1891 7
1778 1841 1910 1892 τοῖσί
1929 1842 1972 1890 τ’
2004 1841 2194 1909 αἰσχρὰ

70 1918 146 1986 μὴ
185 1919 445 1986 μέμικται.

250 1997 654 2068 Temporalis
694 1997 885 2068 aliqua
923 1998 1205 2052 sententia
1229 2016 1387 2070 porro
1414 1999 1782 2054 incohabatur
1809 2000 2194 2055 coniunctione

72 2079 183 2133 εὖτε
220 2078 377 2147 frgm.
418 2079 488 2134 73
529 2078 633 2132 εὖτ’
678 2080 904 2148 ἀηδόνες
944 2122 953 2133 .
993 2120 1007 2133 .
1047 2121 1057 2133 .
1087 2123 1098 2148 ,
1141 2080 1297 2134 cuius
1351 2082 1626 2135 enuntiati
1663 2082 2043 2151 praedicatum
2081 2099 2196 2136 non

73 2163 162 2215 est
212 2161 515 2215 servatum.
590 2159 745 2214 Haec
795 2160 1066 2231 particula
1117 2161 1243 2227 εὖτε,
1298 2178 1440 2231 quae
1478 2161 1695 2216 Ionicae
1748 2165 1834 2216 est
1880 2162 2101 2231 originis
2113 2163 2192 2233 3³²),

69 2241 129 2296 in
179 2241 472 2314 lyricorum
525 2241 859 2310 tragicorum
911 2259 1215 2296 sermonem
1272 2241 1527 2296 videlicet
1579 2260 1648 2296 ex
1685 2242 1920 2299 Homero
1974 2247 2195 2315 recepta

72 2322 220 2394 apud
270 2340 467 2393 prosae
521 2323 786 2376 orationis
841 2323 1131 2393 scriptores
1182 2325 1401 2393 praeter
1437 2323 1777 2377 Herodotum
1827 2342 1940 2378 non
1978 2325 2191 2393 legitur.

251 2403 408 2470 Quod
447 2405 635 2458 autem
675 2403 1090 2457 similitudinem
1130 2405 1335 2458 attinet
1373 2421 1511 2472 eam,
1555 2422 1697 2475 quae
1728 2406 1876 2459 inest
1900 2405 2092 2474 fragm.
2125 2407 2191 2460 12

73 2487 150 2544 ὥς
202 2487 398 2538 ὁπόταν
440 2527 450 2538 .
491 2527 501 2539 .
542 2526 553 2538 .
593 2487 833 2554 πινύσκῃ,
886 2502 1145 2538 revocare
1197 2485 1336 2539 satis
1388 2485 1566 2539 habeo
1619 2485 1691 2539 ad
1743 2486 2191 2541 dissertationem

71 2566 235 2620 modo
276 2564 506 2619 allatam
543 2566 647 2620 viri
686 2565 833 2619 docti
870 2566 907 2619 Ι.
948 2565 1183 2634 Schaub,
1226 2567 1318 2636 qui
1355 2584 1404 2637 p.
1432 2566 1503 2619 22
1541 2566 1682 2621 haec
1721 2568 1942 2621 statuit:
1996 2567 2191 2638 „Apud

71 2646 372 2701 Homerum
424 2663 760 2717 quamquam
812 2648 870 2700 in
920 2646 1198 2717 parabolis
1238 2664 1361 2701 cum
1401 2649 1478 2707 ὡς
1516 2650 1600 2701 ὅτε
1637 2649 1911 2702 institutis
1951 2649 2188 2719 (perraro

69 2731 150 2788 ὡς
189 2730 345 2781 ὁπότε
383 2727 683 2799 invenitur)
722 2727 1043 2798 plerumque
1084 2728 1493 2782 coniunctivum
1533 2729 1834 2800 simplicem
1866 2729 2187 2796 habeamuS‚

72 2825 476 2879 nonnunquam
501 2810 566 2861 ut
590 2810 779 2862 nostro
806 2807 924 2861 loco
952 2805 1114 2880 <dicit
1140 2807 1463 2882 Simonidis>
1495 2810 1767 2881 particula
1793 2812 1857 2862 ἄν
1884 2809 2188 2880 (nunquam

250 2993 301 3050 ⁸²)
335 2993 418 3038 cfr.
450 2993 482 3036 Ι.
506 2992 706 3047 Schaub‚
740 2993 797 3037 de
827 3006 916 3037 usu
946 2993 1229 3039 coniunctivi
1260 2996 1308 3039 et
1340 2995 1542 3053 optativi
1574 2995 1621 3037 in
1653 2993 1907 3038 enuntiatis
1937 2992 2187 3050 lyricorum

73 3059 356 3106 secundariis
387 3059 503 3102 Diss.
536 3059 691 3115 inaug.
723 3059 862 3103 Basil.
898 3058 1012 3103 1889
1040 3073 1083 3117 p.
1105 3059 1176 3105 56.

251 3126 302 3182 ⁸2)
335 3126 388 3169 at
416 3127 471 3166 ἂν
500 3124 585 3168 ins.
615 3126 771 3181 vulgo,

251 3193 302 3247 ⁸³)
334 3204 536 3249 namque
567 3190 607 3235 si
638 3191 811 3235 omissa
841 3191 1069 3248 particula
1097 3193 1357 3250 legeremus
1385 3205 1489 3236 cum
1510 3190 1709 3247 Bergkio
1730 3190 1827 3234 τοὺς
1846 3190 1946 3232 θεοὶ
1968 3187 2183 3245 φιλέωντι,

67 3258 283 3317 rhythmi
314 3257 467 3315 gratia
498 3270 614 3314 opus
645 3265 772 3301 esset
803 3257 892 3301 hoc
923 3258 1106 3316 quidem
1137 3259 1186 3303 in
1205 3272 1343 3303 versu
1366 3258 1424 3301 14
1454 3270 1618 3301 vocem
1647 3255 1754 3297 θεοί
1781 3255 1962 3300 duabus
1993 3256 2185 3313 syllabis

72 3324 387 3384 pronuntiare,
422 3337 466 3367 v.
488 3322 543 3366 21
577 3325 735 3366 tamen
767 3337 850 3380 per
880 3325 1127 3382 synizesim
1156 3325 1204 3370 in
1234 3337 1378 3368 unam
1409 3322 1699 3374 contrahere,
1731 3321 1779 3364 id
1802 3322 1927 3378 quod
1955 3335 2010 3366 eo
2031 3323 2186 3369 minus

73 3391 196 3444 licet,
239 3390 351 3450 quia
390 3389 438 3433 in
478 3388 671 3445 singulis
703 3389 919 3434 carminis
949 3391 1154 3449 strophis
1183 3392 1313 3448 ipsae
1343 3389 1433 3433 hae
1462 3400 1604 3432 voces
1635 3387 1755 3430 inter
1785 3400 1835 3431 se
1867 3391 2086 3433 accurate
2114 3403 2183 3434 re-

74 3458 320 3516 spondent,
364 3469 456 3514 qua
497 3455 553 3499 de
592 3468 642 3499 re
672 3454 765 3498 vid.
799 3455 948 3501 Blass.
978 3456 1008 3501 i.
1039 3458 1156 3503 Mus.
1189 3458 1337 3501 Rhen.
1371 3468 1478 3498 nov.
1510 3467 1597 3497 ser.
1630 3452 1722 3496 vol.
1754 3453 1812 3497 55
1851 3452 1995 3511 (1900)
2036 3469 2080 3511 p.
2110 3454 2183 3501 92.

75 3524 249 3569 Contra
278 3523 455 3567 inserta
485 3521 711 3579 particula
739 3519 788 3562 κὲ
818 3521 866 3565 in
896 3535 1035 3567 versu
1068 3523 1124 3568 14
1154 3525 1193 3568 si
1223 3526 1424 3580 utroque
1452 3520 1554 3563 loco
1578 3519 1681 3561 θεοί
1698 3532 1780 3576 per
1809 3520 2058 3576 synizesim
2079 3535 2182 3579 pro-

74 3589 359 3643 nuntiamus,
390 3587 533 3632 etiam
554 3589 693 3644 aptus
713 3586 774 3630 fit
793 3600 1087 3633 numerorum
1116 3601 1370 3634 consensus
1392 3599 1496 3631 cum
1512 3598 1649 3630 versu
1670 3586 1698 3629 7
1719 3580 1874 3642 αἰσχροὶ
1892 3587 1954 3641 μὴ
1973 3588 2182 3643 μέμνηται

74 3668 227 3714 neque
259 3667 377 3711 opus
409 3655 482 3698 est
511 3653 698 3710 Bergkii
730 3652 997 3699 coniectura
1024 3656 1274 3712 μεμίγηται.

0 3763 2 3802 1

253 3720 303 3778 ³4)
337 3719 421 3764 cfr.
452 3719 646 3776 Weigel.
678 3719 707 3762 l.
742 3733 780 3763 c.
811 3732 855 3776 p.
878 3718 975 3765 188.
1030 3722 1083 3766 P.
1105 3721 1294 3773 Brandt,
1339 3719 1394 3763 de
1425 3717 1757 3775 particularum
1788 3717 2181 3765 subiunctivarum

0 3814 2 3836 ι
77 3800 150 3845 ap.
180 3786 314 3831 Pind.
346 3799 431 3830 usu
460 3786 579 3832 Diss.
608 3786 763 3842 inaug.
796 3785 919 3843 Lips.
953 3786 1067 3831 1898
1096 3801 1140 3844 p.
1162 3786 1220 3831 25
1237 3799 1304 3844 sq.

166 3865 390 3902 Schroeter.
1830 3856 1859 3899 2
