2450 4146
1106 215 1477 270 -24-

224 386 376 425 nova
424 368 739 435 κλεψίφρων
776 366 1141 434 λησίμβροτος,
1194 364 1252 417 in
1292 363 1490 418 ceteris
1537 363 1704 435 epicis
1742 364 2145 420 vetustioribus
2183 382 2359 421 unum

225 449 416 505 inveni
462 464 586 502 cum
625 446 864 500 Homero
913 461 1205 500 commune
1244 444 1608 515 (ταλασίφρων
1644 445 1913 518 Panyass.
1952 445 2109 515 frgm.
2138 446 2360 519 12‚10).

403 526 643 597 Elegiaci
690 525 913 599 quidem
971 529 1030 581 et
1085 525 1308 581 iambici
1357 529 1558 598 poetae
1609 526 1943 598 quantulum
1994 527 2125 582 huic
2172 528 2361 598 geneli
2434 583 2436 587 ,

227 628 452 684 operam
479 608 744 677 dederint,
784 625 855 663 ex
893 624 958 662 eo
999 623 1331 676 cognoscere
1367 607 1513 676 licet,
1554 606 1703 680 quod
1739 607 1893 664 haud
1932 609 2171 681 amplius
2196 610 2358 682 quin·
2440 632 2443 637 ’

227 710 334 765 que
375 690 641 746 exhibent
680 688 1002 761 composita,
1043 707 1073 743 e
1114 688 1317 761 quibus
1355 687 1652 744 Homerica
1689 689 1798 745 tria
1833 690 1993 745 haec:

409 773 686 841 λυσιμελής
724 769 924 825 Arohjl.
952 770 1024 824 85
1065 769 1307 839 Theogn.
1333 769 1458 825 838.

407 855 745 922 ταλασίφρων
783 851 934 924 Tyrt.
961 852 1013 922 5,
1036 852 1070 906 5

410 936 801 1005 φαεσίμβροτος
839 933 1084 1003 Theogn.
1118 933 1259 989 1183

225 1018 334 1072 duo
361 1033 527 1084 nova,
570 1032 714 1087 quae
740 1019 932 1070 tamen
973 1032 1042 1069 ex
1067 1014 1484 1071 Homericorum
1523 1015 1783 1071 membris
1821 1019 1957 1071 sunt
1994 1015 2358 1087 conformata,

224 1098 389 1154 haec.

410 1181 680 1250 ὀλεσήνωρ
708 1178 953 1248 Theogn.
980 1178 1088 1234 399
1123 1177 1325 1249 (Homa
1366 1179 1747 1249 ὠλεσίκαρπος,
1774 1181 2028 1251 ρηξήνωρ
2052 1179 2361 1254 φθισήνωρ)
2443 1122 2450 1242 ³

408 1263 692 1322 λυσίκακος
718 1261 963 1331 Theogn.
987 1259 1099 1317 476
1139 1260 1344 1332 (Hom.:
1383 1263 1662 1332 λυσιμελής
1699 1262 1760 1316 et
1796 1263 2137 1333 ἀλεξίκακος).
2445 1250 2450 1309 't

402 1343 519 1398 Nec
557 1360 690 1398 vero
730 1342 911 1398 melici
948 1345 1150 1415 poetae
1189 1343 1285 1414 qui
1324 1342 1585 1398 dicuntur
1621 1342 1900 1399 monodici
1935 1342 1995 1398 in
2020 1342 2127 1400 hoc
2162 1359 2363 1414 genere

223 1425 506 1480 uberiores
544 1426 923 1496 inveniuntur,
963 1425 1179 1480 habent
1218 1424 1365 1480 enim
1406 1423 1515 1480 duo
1555 1424 1869 1480 Homerica:

406 1509 684 1577 λυσιμελής
722 1506 927 1579 Sapph.
955 1506 1043 1576 40,
1061 1508 1091 1560 1

406 1591 777 1659 τανυσίπτερος
814 1588 1001 1644 Aleae.
1029 1588 1118 1658 84,
1136 1589 1171 1643 2

222 1689 398 1726 unum
434 1688 648 1726 novum
686 1670 855 1742 epicis
895 1670 1200 1727 consimile:

407 1754 793 1823 τανυσίὸρομος
832 1752 1036 1825 Sapph.
1062 1752 1149 1809 71.

411 1834 624 1890 Chorici
662 1851 796 1890 vero
835 1837 1037 1907 poetae
1075 1834 1205 1889 huic
1244 1834 1371 1889 usui
1410 1834 1501 1890 vel
1538 1834 1659 1908 ipso
1685 1833 1925 1889 Homero
1963 1832 2231 1889 libentius
2267 1834 2358 1889 in-

225 1915 547 1986 dulgebant,
601 1915 813 1972 scilicet
863 1933 989 1971 cum
1039 1915 1180 1972 haec
1232 1916 1541 1988 composita
1590 1934 1688 1988 pro
1742 1915 2047 1988 aptissimis
2085 1914 2361 1971 haberent

224 2015 363 2054 suae
415 1998 740 2054 elocutionis
800 1997 1167 2054 condimentis
1227 2016 1294 2054 ac
1349 1997 1667 2053 luminibus.
1745 1997 2001 2070 Namque
2058 2014 2130 2053 ex
2184 1995 2362 2053 unde-

223 2080 456 2151 triginta
492 2079 796 2136 Pindaricis
836 2079 1037 2150 viginti
1076 2098 1176 2136 sex
1215 2082 1388 2135 antea
1426 2082 1562 2135 sunt
1598 2080 1794 2150 ignota
1831 2080 1992 2135 haec:

410 2163 765 2233 *dynolxopoc
1141 2163 1533 2233 *Epaolpwhzoc
1786 2163 1815 2189 ⁴*
1827 2163 2246 2232 μνησιστέφανος

411 2244 439 2271 ⁴*
449 2246 768 2314 ἀμευσιεπής
1177 2245 1602 2315 ἐρασιπλόκαμος
1789 2244 1817 2270 ⁴*
1833 2245 2149 2313 ὄρσίκτυπος

412 2326 440 2352 ⁴*
450 2327 808 2396 ἀμευσίπορος
1173 2328 1487 2397 εὖρησιεπής
1788 2326 1817 2351 ⁴*
1832 2326 2116 2395 ὀρσινεφής

412 2408 440 2433 ⁴*
454 2409 843 2478 ἀναξιφόρμιγξ
1141 2409 1169 2435 ⁴*
1177 2411 1515 2479 κρατησιβίας
1787 2407 1816 2433 ⁴*
1828 2408 2177 2477 πεισιχάλινος

413 2489 807 2560 ’ὃαμασίφρων
1139 2491 1570 2561 ’κράτησίμακος
1781 2489 2095 2559 ’ῥιψαύκην

452 2572 744 2634 ὀιώξιππος
1138 2572 1165 2597 ⁴*
1174 2574 1531 2642 κρατησίπους
1786 2571 1814 2597 ⁴*
1829 2571 2141 2641 ῥυσίδιφρος

450 2654 815 2724 ἐλασίβροντος
833 2651 906 2723 (v.
922 2650 954 2706 l.
971 2652 1106 2725 -τας)
1139 2654 1536 2724 ὶ’κρατήσιππος
1828 2653 2112 2722 σεισίχθων

451 2736 735 2795 ἔλάσιππος
1172 2737 1454 2796 λυσίπονος
1788 2735 1815 2760 ⁴*
1831 2734 2216 2804 φιλησίμολπος
2290 2755 2297 2761 ·

414 2817 750 2887 ’ἐλασίχθων
1141 2816 1595 2887 ἰμελησιζαβροτος

230 2916 259 2952 e
300 2898 500 2967 viginti
538 2897 783 2971 quinque
822 2895 1205 2969 Bacchylideis
1246 2897 1630 2967 duodeviginti
1666 2898 1827 2952 haec:

415 2980 751 3051 4’ἀδεισιβόας
1137 2978 1530 3050 “ὂαμασίχθων
1774 2978 2097 3048 ’θερσιεπής

416 3062 443 3088 ⁴*
454 3063 776 3132 ἀερσίμαχος
1181 3060 1506 3129 ὁεξίστρατος
1774 3060 2056 3129 ’ὀρσίαλος

416 3144 444 3169 *
454 3145 733 3206 ἀναξίαλος
1142 3140 1330 3209 ’ἐρειψ
1343 3139 1548 3217 <ίλαος>
1772 3142 2135 3211 ’ὀρσιβάκχας

418 3225 444 3250 ⁴*
455 3226 833 3295 ἀναξιβρόντας
1142 3221 1512 3290 ’ἔρειψίπυλος
1766 3223 2097 3293 ἰὀρσίμαχοιι·

418 3307 445 3331 ⁴*
455 3308 813 3376 ἀναξίμολπος
1144 3303 1172 3330 ¹*
1181 3303 1457 3373 θελξιεπής
1804 3306 2174 3374 πεισίμβροτος

458 3389 796 3456 ὃαμάσιππος
1182 3384 1562 3454 θελξίμβροτος
1812 3387 2098 3456 τερψιεπής

240 3480 347 3533 quo
387 3483 416 3519 e
454 3485 683 3523 numero
718 3467 941 3523 Pindari
979 3464 1326 3535 undeviginti
1366 3470 1500 3520 sunt
1532 3471 1676 3531 ἅπαξ
1708 3470 1974 3538 εἰρημένα,
2012 3463 2360 3536 Bacchylidis

243 3542 513 3615 tredecim,
540 3566 682 3619 quae
709 3548 987 3605 asteriscis
1012 3545 1348 3603 notavimus.
1388 3545 1594 3612 Quodsi
1622 3550 1910 3621 utriusque
1934 3547 2134 3619 poetae
2160 3561 2359 3600 versu-

243 3638 334 3675 um
374 3627 561 3696 copiae
600 3628 872 3682 rationem
899 3630 1188 3697 habemus,
1229 3625 1619 3699 Bacchylidem
1658 3630 1746 3685 his
1782 3627 2044 3702 epithetis
2083 3626 2359 3682 novandis

245 3706 531 3794 praecipue
595 3707 912 3764 abundasse
976 3728 1044 3766 ac
1103 3707 1499 3782 propemodum
1564 3710 1636 3764 ad
1693 3709 1981 3766 fastidium
2036 3707 2362 3778 pervenisse

246 3783 634 3849 cognoscimus.
687 3787 842 3853 Quod
883 3796 1070 3847 autem
1109 3788 1332 3845 omnino
1374 3789 1573 3846 chorici
1600 3789 1856 3847 carminis
1896 3786 2023 3843 stilo
2050 3786 2155 3843 hoc
2180 3806 2359 3858 genus
