2450 4146
1102 191 1474 247 -44-

398 345 538 414 φθό
554 364 583 412 γ
599 364 628 411 γ
644 363 729 401 ος.
787 340 852 395 fr.
880 339 1054 409 37,11
1084 341 1287 409 ἀνέμου
1314 340 1575 408 φθόγγον.
1633 338 1800 410 Apud
1839 339 2023 411 epicos
2051 355 2268 410 semper
2291 337 2361 402 de

219 425 410 482 sonitu
439 424 591 479 vocis
612 422 895 477 humanae
916 419 1008 475 vel
1029 418 1356 474 animalium
1386 418 1684 491 dicitur²⁶)‚
1713 422 2046 491 φθέγγεσθαι
2067 419 2271 492 ubique
2291 420 2361 485 de

221 525 358 563 voce
383 506 634 560 humana
659 504 904 574 itemque
946 500 1346 573 apudlyricos3
1385 501 1696 574 excipiendi
1722 503 1914 557 tamen
1954 500 2207 556 nonnulli
2239 500 2361 571 loci,
2424 531 2425 534 =

217 588 420 660 quibus
454 585 526 641 ad
555 586 933 639 instrumenta
966 583 1181 637 musica
1211 581 1564 651 transfertur,
1599 582 1652 637 h.
1680 582 1841 638 Merc.
1868 582 1981 638 484
2013 584 2357 653 φθεγγομένη

221 674 441 723 παντοῖα
469 665 728 738 (cithara)
794 664 1038 733 Theogn.
1066 663 1176 719 759
1216 665 1453 734 φόρμιγξ
1491 665 1546 718 δ’
1577 663 1648 718 αὖ
1686 665 1978 734 φθέγγοιθ’
2022 665 2167 734 ἱερὸν
2201 665 2364 734 μέλος

221 750 362 805 Stes,
390 748 465 802 44
503 747 747 819 (Μοῦσα)
775 789 787 800 .
816 791 827 803 .
867 749 1028 816 ἐρατᾷ
1064 747 1410 815 φθεγγομένα
1448 747 1599 815 λύρᾳ.
1662 744 1745 800 De
1772 746 2026 817 strepitu,
2067 763 2234 817 quem
2271 761 2362 800 res

217 831 498 886 inanimae
538 827 728 897 edunt,
782 828 1022 899 primum
1060 830 1366 899 usurpatur
1417 825 1566 898 apud
1605 825 1946 882 Simonidem
1984 826 2016 882 l.
2053 844 2096 881 c.
2136 825 2363 883 eodem-

217 930 324 984 que
360 910 523 966 modo
551 908 702 981 apud
727 909 1031 964 Pindarum
1066 911 1287 979 φθέγμα
1314 926 1427 963 vox
1462 910 1636 964 antea
1661 907 1939 964 inusitata
1963 907 2127 981 Pyth.
2146 907 2363 977 IV,198
2427 947 2432 950 -

215 997 277 1048 ἐκ
314 995 523 1062 νεφέων
563 994 623 1046 δέ
660 995 713 1046 οῖ
749 993 972 1045 ἀντάυσε
1009 993 1236 1061 βροντᾶς
1282 993 1450 1045 αἴσιον
1488 992 1726 1060 φθέγμα,
1780 1007 1940 1062 porro
1979 992 2228 1061 φθόγγος
2271 1007 2360 1062 ap.

217 1074 398 1145 Eurip.
438 1073 555 1145 Iph.
595 1072 720 1127 AuL
749 1072 784 1127 9
830 1075 1033 1127 οὔκουν
1079 1074 1326 1143 φθόγγος
1365 1075 1417 1141 γ’
1461 1074 1576 1126 οὔτ’
1620 1074 1873 1142 ὀρνίθων,
1924 1074 2045 1127 οὔτε
2087 1073 2364 1142 θαλάσσης

218 1154 435 1226 Hippol.
467 1154 625 1209 1205.
693 1153 840 1209 Sunt
878 1156 1071 1209 autem
1111 1171 1306 1209 omnes
1343 1152 1513 1208 huius
1553 1153 1742 1225 stirpis
1781 1170 1951 1210 voces
1990 1154 2205 1226 poetico
2244 1170 2363 1209 ser-

218 1237 370 1292 moni
409 1235 790 1291 sollemniores
829 1253 1001 1308 quam
1039 1233 1288 1308 pedestri
1324 1234 1537 1290 Musae.

392 1340 472 1388 χρ
487 1320 661 1378 όνος.
699 1317 763 1373 fr.
789 1318 843 1388 4,
860 1319 894 1373 5
930 1319 961 1372 ὁ
987 1319 1355 1388 πανδαμάτωρ
1384 1319 1697 1388 ἀμαυρώσει
1724 1318 1920 1387 χρόνος
1952 1315 2017 1371 fr.
2038 1315 2180 1385 32,2
2199 1318 2363 1371 ὅσσον

212 1401 412 1470 χρόνον
433 1403 632 1455 ἔσσεται
657 1400 719 1455 fr.
735 1399 871 1469 62‚2
892 1402 1054 1470 ὀλίγῳ
1076 1400 1134 1454 δὲ
1153 1400 1337 1470 χρόνῳ
1361 1397 1443 1473 [fr.
1458 1399 1562 1455 193
1581 1400 1830 1469 πολεμεῖν
1847 1404 1926 1468 τῷ
1944 1399 2128 1468 πολλῷ
2145 1395 2364 1473 χρόνῳ].

214 1481 296 1543 De
352 1480 460 1537 hoc
512 1481 876 1537 substantivo
929 1481 1077 1536 idem
1128 1480 1300 1550 valet,
1355 1479 1504 1553 quod
1555 1479 1624 1535 de
1677 1482 1901 1535 ἀλάθεια
1958 1497 2129 1552 supra
2185 1497 2236 1552 p.
2273 1478 2363 1537 40.

213 1563 601 1635 exposuimus3
655 1581 837 1635 neque
879 1564 1028 1618 enim
1066 1563 1235 1617 huius
1274 1580 1496 1635 quoque
1547 1562 1700 1634 apud
1749 1562 1935 1633 epicos
1973 1561 2179 1631 legitur
2216 1560 2363 1616 alius

214 1662 380 1701 casus
420 1647 591 1717 atque
631 1645 992 1701 accusativus
1045 1647 1104 1700 et
1153 1645 1202 1700 is
1254 1644 1314 1699 in
1351 1643 1730 1700 locutionibus
1768 1643 2111 1715 plerumque,
2165 1641 2362 1716 quales

211 1729 351 1782 sunt
388 1729 551 1782 ὅσσον
591 1726 709 1798 (cfr.
750 1726 956 1783 Simon.
983 1726 1073 1795 32,
1096 1726 1171 1799 2),
1212 1728 1416 1789 τόσσον,
1458 1727 1640 1797 δηρόν,
1678 1726 1847 1780 πολὺν
1883 1727 2096 1796 χρόνον.
2155 1724 2364 1781 Contra

212 1811 429 1864 ceteros
471 1826 638 1864 casus
677 1808 914 1880 scriptos
940 1808 1196 1864 videmus
1235 1809 1350 1863 iam
1376 1807 1525 1880 apud
1554 1807 1817 1862 Solonem
1840 1806 1895 1872 4,
1917 1806 1984 1876 16
2025 1806 2157 1876 10,1
2201 1806 2361 1876 36,1,

214 1889 416 1945 deinde
456 1891 606 1962 apud
646 1890 801 1947 alios,
2069 1949 2073 1953 ,

394 1974 781 2042 ἀπάλαμνος.
820 1972 886 2031 fr.
906 1972 1002 2041 5,3
1031 1974 1091 2032 ὃς
1116 1975 1183 2027 ἂν
1200 1972 1237 2043 ᾖ
1256 1973 1426 2031 κακὸς
1449 1973 1585 2042 μηδ’
1611 1974 1746 2041 ἄγαν
1767 1973 2092 2042 ἀπάλαμνος.
2125 1970 2363 2026 Uberius

212 2052 283 2108 de
302 2053 470 2108 huius
495 2055 648 2108 vocis
675 2054 906 2110 notione
933 2055 1049 2123 egit
1061 2052 1477 2110 Gerstenhauer
1498 2054 1558 2108 in
1585 2052 1866 2109 dissertat.
1881 2052 2067 2122 inaug.
2084 2051 2155 2107 de
2169 2052 2366 2108 Alcaei

219 2138 278 2191 et
317 2135 633 2207 Sapphonis
688 2136 847 2207 copia
885 2134 1302 2205 vocabulorum,
1342 2135 1573 2191 Dissert.
1611 2134 1839 2190 HalenS.
1880 2134 1988 2189 vol.
2012 2133 2116 2189 XII
2152 2151 2204 2206 p.
2237 2133 2361 2204 188,

213 2217 310 2289 qui
350 2220 409 2272 et
445 2216 593 2272 hanc
630 2216 868 2272 formam
908 2220 967 2272 et
1006 2219 1287 2288 ἀπάλαμος
1332 2234 1403 2272 ex
1440 2234 1556 2271 una
1595 2218 1764 2289 stirpe
1813 2232 2110 2272 emanasse
2150 2218 2359 2287 censet,

215 2297 362 2354 idem
403 2300 608 2354 statuit
635 2297 833 2354 Glaser
870 2299 903 2354 l.
931 2317 974 2354 c.
1014 2318 1065 2371 p.
1098 2299 1165 2354 13
1180 2317 1320 2372 sqq.;
1359 2301 1554 2355 contra
1593 2298 1906 2370 disputavit
1943 2297 2002 2352 L.
2028 2296 2220 2370 Meyer
2256 2298 2290 2352 l.
2317 2314 2361 2353 c.
2435 2335 2441 2367 -K

215 2379 376 2435 vol.I
413 2398 463 2451 p.
491 2380 563 2436 63
606 2378 993 2453 ,,(ἀπάλαμνος)
1031 2384 1128 2454 ῃὶῐι
1178 2386 1256 2447 oft
1305 2383 1384 2438 als
1435 2383 1579 2453 blosse
1616 2382 1947 2451 Nebenform
1997 2382 2088 2436 des
2141 2398 2362 2438 voratae-
2439 2389 2443 2391 ’

211 2468 517 2535 qe‘nwnnten
557 2464 853 2532 ἀπάλαμος,
907 2466 1005 2519 das
1044 2465 1168 2519 aber
1206 2464 1525 2539 ehensowohl
1561 2465 1622 2519 i‘n
1661 2464 1851 2534 Bezuy
1895 2462 2008 2533 auf
2034 2462 2362 2534 Bedeutuny

214 2546 296 2601 als
358 2546 470 2615 auf
522 2545 694 2601 Form
756 2545 1056 2601 abweicht“.
1146 2546 1262 2600 Nec
1324 2549 1518 2600 tamen
1582 2543 2012 2615 significationis
2074 2544 2363 2616 quandam

213 2624 689 2682 necessitudinem
739 2625 887 2680 inter
937 2629 1234 2698 utrumque
1286 2626 1624 2683 intercedere
1671 2625 1863 2696 negari
1913 2628 2104 2697 potest
2141 2624 2360 2681 collatis

216 2707 366 2777 lociS,
419 2725 560 2780 quos
612 2706 1028 2763 Gerstenhauer
1067 2707 1263 2763 Glaser
1312 2708 1502 2781 Meyer
1551 2707 1906 2778 collegerunt.
1982 2707 2240 2763 Ceterum
2290 2706 2360 2763 de

216 2790 371 2844 vocis
408 2789 467 2844 vi
505 2806 620 2845 non
658 2787 827 2844 nullis
865 2787 1000 2843 locis
1041 2788 1342 2845 dubitatur.
1421 2788 1731 2846 Simonides
1778 2791 2091 2860 ἀπάλαμνος
2126 2789 2361 2862 praebet

217 2871 290 2926 ab
318 2870 478 2927 Hom.
504 2872 562 2925 E
582 2870 694 2927 597
724 2871 783 2925 vi
807 2869 961 2925 haud
986 2869 1163 2925 multo
1192 2870 1494 2941 diversum3
1534 2888 1875 2944 quamquam
1902 2888 1990 2944 ap.
2017 2869 2147 2928 Sim.
2174 2870 2361 2926 ethica

216 2953 448 3024 paulum
466 2952 761 3025 praevalet
778 2954 1048 3025 potestas
1092 2952 1250 3020 Quod
1271 2952 1687 3010 Gerstenhauer
1706 2952 1839 3008 dicit
1858 2953 1931 3008 ab
1951 2952 2156 3008 Atticis
2175 2952 2358 3025 poetis

219 3036 277 3087 et
314 3034 675 3107 scriptoribus
701 3051 926 3107 prorsus
966 3033 1213 3088 alienum
1254 3052 1376 3089 esse
1412 3037 1518 3091 hoc
1558 3035 1914 3105 adiectivum,
1955 3034 2145 3091 omisit
2183 3051 2358 3090 unum

221 3113 399 3170 locum
441 3115 719 3188 Euripidis
758 3114 902 3189 Cycl.
939 3114 1049 3172 598
1087 3117 1253 3186 χώρει
1305 3118 1360 3169 δ’
1394 3120 1447 3177 ἐς
1498 3121 1697 3180 οἴκους,
1749 3119 1874 3186 πρίν
1923 3138 1968 3171 τι
2016 3117 2110 3172 τὸν
2157 3118 2358 3185 πατέρα

220 3198 412 3251 παθεῖν
471 3200 799 3268 ἀπάλαμνον,
864 3196 963 3252 ubi
1025 3198 1338 3267 ἀπάλαμνον
1401 3200 1726 3255 restitutum
1789 3202 1880 3254 est
1935 3216 1973 3253 a
2028 3197 2266 3254 cantero
2324 3214 2356 3252 e
2444 3196 2450 3255 ὲ

223 3282 478 3349 corrupta
530 3279 766 3334 lectione
819 3279 1166 3349 ἀπαλλαγμὸν
1216 3277 1464 3333 codicum
1518 3280 1739 3353 (nempe
1795 3297 1825 3335 e
1877 3297 2020 3336 vers.
2066 3278 2177 3335 600
2221 3295 2356 3334 voce

222 3358 594 3430 ἀπαλλάχθηθ’
635 3360 804 3415 huius
855 3360 1043 3416 mendi
1093 3357 1397 3415 manifesta
1448 3366 1536 3417 est
1586 3361 1922 3435 explicatio),
1975 3359 2076 3417 sed
2125 3358 2357 3428 eogitari

225 3436 392 3491 etiam
429 3444 617 3511 potest
655 3441 723 3496 de
765 3444 1064 3513 ἇπάλαμον,
1103 3457 1247 3513 quae
1285 3439 1464 3496 forma
1501 3448 1679 3499 metro
1718 3462 1834 3499 non
1870 3443 2157 3515 repugnat.

400 3523 773 3592 γαλαθηνός.
826 3523 888 3578 fr.
917 3523 1052 3594 37,ss
1087 3523 1378 3593 γαλαθηνῷ
1408 3566 1418 3575 .
1449 3566 1460 3577 .
1489 3569 1501 3580 .
1532 3528 1737 3599 ἤθεϊ97)
1782 3525 1847 3581 fr.
1875 3525 1964 3593 52,
1987 3523 2022 3578 3
2048 3523 2355 3593 γαλαθηνὸν

401 3642 452 3698 ’⁶)
485 3646 743 3704 Ambigunt
773 3646 830 3690 de
862 3664 887 3689 σ
911 3649 1008 3703 199,
1054 3647 1134 3695 ubl
1164 3649 1325 3693 tamen
1357 3651 1442 3693 aut
1472 3649 1533 3694 ad
1566 3651 1841 3697 ancillarum
1871 3660 2137 3695 sermonum
2174 3650 2258 3693 aut
2289 3648 2354 3695 ad

228 3702 396 3757 pedum
426 3719 781 3768 sermonumque
811 3713 1016 3761 sonitum
1046 3713 1339 3761 referendum
1371 3718 1462 3760 est.

405 3771 458 3825 ⁸⁷)
491 3772 558 3816 sic
589 3775 756 3832 Bergk,
787 3777 877 3822 vid.
909 3778 1002 3827 ind.
