2450 4146
935 249 1303 303 —25-

59 398 352 454 verborum
390 398 667 468 proprium
703 396 878 451 fuisse
919 396 1173 466 diximuS,
1230 414 1299 450 ex
1341 413 1406 450 eo
1445 397 1741 450 monstrari
1778 398 1980 468 potest,
2034 396 2182 468 quod

58 481 118 534 in
155 478 375 534 tantulo
414 477 851 546 fragmentorum
890 495 1117 532 numero
1158 476 1442 531 Alcmanis
1483 477 1782 532 Stesichori
1819 477 1971 549 Ibyci
2003 477 2180 532 Simo-

59 559 202 614 nidis
240 559 392 614 haud
445 559 628 613 minus
681 559 871 614 decem
922 559 1195 613 habemus
1253 558 1559 630 composita
1610 561 1856 628 servata3
1910 577 1939 613 e
1979 558 2180 630 quibus

59 641 353 696 Homerica
391 642 524 694 sunt
560 640 693 694 tria:

232 723 569 790 ταλασίφρων
607 721 779 775 Α10111.
805 721 940 788 4l,l

232 805 600 871 τανυσίπτερος
637 802 782 874 Ibyo.
810 803 844 855 8

233 885 605 953 ἐννοσίφυλλος
645 883 847 938 Simon.
876 883 1008 954 4l,l
1034 924 1038 928 ι

59 981 209 1020 nova
247 967 463 1036 septem
501 965 660 1018 haec:

235 1048 620 1116 ἀρχεσίμολπος
659 1046 800 1100 Stes.
829 1047 901 1102 77

230 1129 528 1196 λιπεσάνωρ
569 1127 709 1183 Stes,
737 1127 825 1196 26,
849 1129 882 1181 5

234 1210 657 1279 ἕρασιπλόκαμος
693 1208 838 1280 Ibyc.
866 1209 916 1275 9,
934 1209 966 1260 2

234 1292 530 1350 ὄνασίπολις
569 1290 772 1344 Simon.
799 1291 850 1358 5,
869 1289 901 1342 3

230 1374 612 1441 χαραξίποντος
651 1371 852 1425 Simon.
880 1370 1018 1438 23,3

233 1454 663 1523 δαμασίμβροτος
701 1451 903 1505 Simon.
931 1450 1040 1503 218

234 1535 553 1604 ὃαμασίφως
591 1533 793 1587 Simon.
821 1532 930 1586 232

56 1632 86 1669 0
126 1614 327 1686 quibus
373 1615 513 1669 haec
565 1614 672 1669 duo
725 1613 1046 1682 novissima,
1102 1613 1324 1668 etiamsi
1375 1613 1711 1685 quibusnam
1763 1632 1792 1668 0
1846 1614 2179 1669 carminibus

58 1695 387 1750 Simonideis
446 1695 770 1767 deprompta
827 1696 940 1749 sint
990 1695 1263 1749 incertum
1321 1697 1423 1763 est,
1485 1697 1677 1749 tamen
1728 1698 1950 1767 propter
1999 1696 2181 1767 ipsam

56 1779 394 1831 structuram
430 1777 488 1830 in
529 1776 756 1832 choricis
795 1775 970 1829 fuisse
1012 1775 1286 1831 collocata
1324 1775 1508 1847 aliquo
1547 1777 1664 1830 iure
1703 1777 1956 1847 putanda
1994 1779 2140 1831 sunt.

233 1859 464 1927 Tragica
503 1858 737 1912 elocutio
777 1858 1043 1928 imprimis
1071 1857 1382 1928 Sophoclea
1421 1860 1478 1912 et
1515 1856 1810 1929 Euripidea
1847 1858 1986 1912 haec
2026 1875 2177 1912 com-

55 1940 241 2012 posita
276 1940 455 1994 rarius
496 1939 736 2007 exhibet,
777 1939 1034 1994 videlicet
1072 1938 1383 2010 Aeschylus
1425 1956 1454 1993 e
1480 1939 1678 2007 viginti
1705 1939 1921 1993 duobus
1947 1939 2178 2011 praebet

54 2021 252 2091 viginti
289 2039 439 2076 nova
476 2021 636 2076 haec:

238 2105 517 2173 ἃγησίλαος
906 2104 1263 2172 μνησιπήμων
1626 2103 1984 2172 τλησικάρδιος

239 2186 610 2254 ἆρπάξανδρος
909 2186 1246 2252 παυσάνεμος
1626 2185 1974 2253 φθερσιγενής

236 2268 560 2335 βλαψίφρων
911 2268 1236 2335 πεισίβροτος
1623 2267 1916 2334 φυξανορία

239 2349 498 2417 ὃεισήνωρ
907 2348 1166 2415 ῥίψοπλος
1624 2348 1919 2415 φυξίμηλος

239 2431 536 2498 δηξίτῖυμος
905 2430 1213 2497 ῥυσίβωμος
1630 2430 1918 2497 φυσίφρων

239 2512 579 2579 ἓρειψίτοιχος
903 2510 1171 2578 ῥυσίπολις
1625 2510 1928 2568 ὠλεσίοικος

239 2593 551 2660 καμψίπους
904 2592 1252 2658 τελεσσίφρων

54 2671 353 2742 Sophocles
393 2671 635 2743 quinque
677 2689 852 2743 eaque
891 2688 1066 2724 nova:

239 2755 512 2815 ζευξίλεως
908 2753 1232 2811 παυσίλυπσς
1628 2754 1906 2821 τρυσάνωρ

236 2837 526 2894 παυσανίας
912 2834 1172 2902 ῥαψῳδός

53 2913 340 2985 Euripides
380 2932 450 2968 ex
487 2914 742 2969 undecim
779 2914 1016 2968 novavit
1054 2931 1171 2968 sex:

238 2998 564 3064 ἄρκεσίγυιος
909 2997 1183 3064 δεξίπυρος
1618 2996 1925 3062 ὀλεσίθηρος

240 3078 516 3146 ὃεξίμηλος
907 3077 1208 3146 θελξίφρων
1610 3076 2038 3142 τελεσσιόώτειρα.

54 3156 254 3211 Omnia
292 3159 483 3210 autem
521 3157 685 3210 huius
726 3156 923 3227 speciei
965 3157 1223 3227 epitheta,
1267 3175 1410 3228 quae
1451 3154 1599 3226 apud
1637 3156 1738 3208 hos
1778 3156 1891 3206 tres
1930 3156 2167 3221 tragicos

54 3238 329 3307 leguntur,
372 3238 554 3308 quoad
582 3237 800 3308 quidem
844 3239 1095 3306 cognosci
1120 3241 1318 3309 potest,
1357 3238 1415 3290 in
1456 3236 1682 3290 choricis
1708 3234 1958 3304 partibus
1984 3236 2169 3306 posita

56 3322 191 3373 sunt
227 3319 515 3390 perpaucis
556 3319 821 3389 exceptis3
863 3322 1030 3390 atque
1068 3320 1126 3373 in
1163 3318 1364 3374 iambis
1404 3316 1624 3387 quidem
1663 3314 2001 3369 collocantur
2038 3319 2166 3370 tan-

54 3399 339 3454 tummodo
378 3399 537 3453 haec:

233 3482 493 3550 ῥαψῳδός
532 3478 783 3550 Sophocl.
823 3480 950 3535 Oed.
991 3481 1052 3536 R.
1081 3482 1184 3537 391

233 3564 507 3631 δεξίμηλος
532 3560 711 3630 Eurip.
733 3560 896 3615 Andr.
916 3562 1055 3617 1138
1082 3562 1298 3634 (eadem
1318 3577 1428 3615 vox
1447 3559 1650 3612 Phoen.
1667 3557 1773 3611 632
1794 3558 1851 3611 in
1870 3557 2164 3629 trochaeis)

230 3646 555 3701 παυσίλυπος
592 3642 772 3712 Eurip.
798 3642 993 3697 Bacch.
1019 3645 1142 3698 772.

233 3724 516 3790 Quantum
553 3739 683 3777 vero
725 3739 760 3775 a
796 3725 1114 3779 vetustioris
1156 3723 1376 3796 quidem
1426 3719 1688 3774 orationis
1728 3720 1996 3791 pedestris
2036 3721 2168 3786 stilo

56 3803 393 3859 abhorreant
417 3805 513 3858 illa
538 3803 724 3871 verba,
767 3820 1091 3871 cognoscere
1119 3819 1414 3876 possumus
1440 3801 1615 3856 veluti
1642 3819 1710 3855 ex
1736 3801 2027 3871 Herodoto,
2070 3803 2164 3874 qui
