2450 4146
962 218 1330 272 -21-

0 380 1 394 ¹
82 368 144 422 in
170 366 376 422 deliciis
403 366 623 422 videtur
648 366 926 435 habuisse,
966 367 1165 438 quippe
1194 366 1288 437 qui
1313 383 1426 420 non
1451 366 1634 420 minus
1657 365 2207 438 duodequadraginta

81 448 364 515 exhibeat,
406 465 514 519 quo
555 465 584 501 e
611 465 838 502 numero
866 466 936 502 ne
978 465 1150 501 unum
1178 446 1398 518 quidem
1431 446 1582 518 apud
1607 447 1907 501 Homerum
1934 447 2207 516 legatur.²)

82 530 354 584 Attamen
394 529 542 600 apud
581 528 779 600 lyricos
817 531 1012 600 poetas
1039 528 1183 583 tales
1221 545 1386 583 voces
1426 545 1548 583 raro
1588 528 1962 583 inveniuntur.
2021 528 2204 599 Repe-

79 612 281 680 tuntur
319 612 508 664 autem
549 628 618 663 ex
657 610 896 664 Homero
935 610 994 664 in
1033 609 1286 678 elegiacis
1327 612 1386 663 et
1421 609 1693 663 iambicis:

260 693 452 760 ὄώτωρ
491 690 731 758 Theogn.
759 709 810 745 v.
839 690 947 744 134

79 770 280 827 deinde
318 772 378 826 in
416 771 865 843 philosophorum
903 773 1273 826 vetustiorum
1310 771 1670 826 hexametris:
2192 825 2196 831 ,

261 855 497 923 ἠλέκτωρ
538 851 844 923 Empedocl.
885 853 972 922 22,
995 853 1029 907 2
1071 853 1237 918 (Poet.
1277 852 1471 923 philos·
1514 852 1601 908 Gr.
1642 852 1797 922 frgm.
1840 852 1920 907 ed.
1961 853 2128 921 Diels)

77 933 138 987 in
177 934 406 989 melicis:
1885 983 1889 986 .

258 1017 472 1084 ἀγήτωρ
515 1013 818 1088 [Terpand]
865 1015 961 1084 1,2
1025 1057 1029 1061 .

256 1097 622 1165 πανδαμάτωρ
663 1095 866 1151 Simon.
891 1095 995 1164 4,5
1035 1094 1289 1166 Bacchyl.
1315 1094 1455 1163 XIII,
1479 1095 1586 1149 205

256 1180 415 1247 ἴστωρ
455 1177 711 1249 Bacchyl.
738 1177 876 1247 VIII,
898 1177 985 1232 44.

72 1275 229 1313 nova
268 1261 580 1313 occurrunt:

254 1343 478 1409 γενέτωρ
516 1340 841 1411 Xenophan.
871 1339 957 1408 30,
979 1340 1017 1393 4
1054 1339 1242 1407 (Diels)

254 1423 416 1490 ἷάτωρ
455 1421 626 1475 Α10111.
654 1421 739 1490 23,
756 1422 827 1476 89
865 1421 1044 1491 (Hom.
1072 1419 1244 1491 ἶητήρ)

253 1505 489 1572 ἀλέκτωρ
529 1502 732 1557 Simon.
760 1503 832 1557 80
872 1502 931 1570 B,
956 1503 986 1555 1
1027 1501 1180 1555 Pind.
1210 1501 1288 1555 Ol.
1328 1501 1444 1570 XII,
1468 1501 1537 1555 13

253 1586 504 1653 ἀμύντωρ
545 1583 749 1638 Simon.
777 1583 847 1638 86
886 1583 950 1654 (=
977 1582 1047 1637 66
1075 1582 1276 1650 H.-Gr.)
1316 1582 1489 1651 (Hom.
1530 1585 1863 1653 ἐπαμύντωρ)

251 1668 472 1733 κτίστωρ
511 1663 663 1720 Pind.
702 1664 857 1734 frgm.
902 1664 1022 1731 105,
1046 1662 1160 1736 2[3]

71 1744 413 1816 Perparvum
465 1745 701 1817 denique
752 1762 1043 1800 numerum
1095 1762 1290 1816 prosae
1332 1745 1598 1799 orationis
1644 1745 1936 1817 praecipue
1975 1745 2198 1800 Atticae

73 1827 368 1898 scriptores
406 1827 693 1897 praebent,
750 1826 898 1898 apud
937 1844 1074 1897 quos
1115 1827 1291 1894 magis
1330 1826 1389 1879 in
1445 1842 1549 1880 usu
1601 1829 1688 1880 est
1739 1826 2010 1880 suffixum
2036 1858 2064 1867 -
2091 1849 2196 1897 της.

72 1907 330 1962 Ceterum
371 1909 437 1962 de
477 1909 564 1962 his
604 1908 818 1962 suffixis
858 1909 1174 1962 conferatur
1205 1907 1361 1962 Mart.
1396 1908 1557 1963 Luth.
1584 1906 1815 1976 D'Ooge,
1862 1911 1944 1964 On
1984 1910 2068 1964 the
2104 1928 2198 1965 use

67 1991 139 2059 of
168 1990 250 2044 the
287 1991 511 2059 suffioees
548 2011 634 2059 τερ
672 2011 764 2059 τορ
802 2003 898 2060 τηρ
935 2010 996 2042 τα
1036 1992 1096 2044 in
1135 1991 1348 2044 Homer.
1389 1989 1531 2043 Diss.
1558 1989 1742 2057 inaug.
1776 1988 1922 2060 Lips
1962 1989 2197 2060 (annum

72 2069 218 2125 male
258 2071 443 2125 omisit
483 2070 710 2143 auctor).

248 2203 330 2258 De
393 2204 623 2258 vocibus
687 2204 1210 2258 terminatione
1277 2202 1533 2273 (0)-σύνη
1591 2202 1901 2271 instructis,
1961 2220 2197 2274 quarum

69 2284 382 2339 Simonides
422 2284 676 2356 exempla
714 2285 888 2339 habet
913 2286 1050 2353 86,1
1089 2288 1148 2351 (=
1173 2283 1270 2352 frg.
1293 2283 1363 2337 66
1400 2284 1494 2338 Η.-
1506 2283 1603 2352 Gr.)
1645 2285 1985 2354 ὃυσφροσύνη
2033 2281 2192 2356 (57,1‘

66 2366 322 2438 πίσυνος),
386 2366 609 2420 uberius
668 2367 781 2435 egit
830 2366 1057 2433 Verrall,
1129 2368 1210 2420 On
1267 2384 1404 2420 some
1461 2367 1602 2421 ionic
1658 2367 1899 2421 clements
1955 2368 2016 2421 ‘in
2068 2368 2195 2421 attic

68 2450 306 2518 trayedie
342 2448 401 2501 in
441 2449 559 2503 The
584 2450 779 2504 Journ.
808 2450 874 2518 of
889 2449 1020 2503 Heu.
1048 2448 1196 2502 Stud.
1224 2445 1331 2500 vol.
1356 2446 1381 2499 Ι
1418 2464 1468 2517 p.
1496 2446 1788 2500 260—292
1810 2446 2192 2516 H,179—216,

70 2529 166 2599 qui
203 2528 468 2599 imprimis
506 2530 840 2597 tragicorum
879 2529 1190 2582 Atticorum
1227 2528 1354 2581 usui
1390 2527 1717 2582 illustrando
1759 2545 1985 2599 operam
2024 2526 2189 2597 dedit,

66 2626 250 2680 pauca
300 2608 680 2664 disseruerunt
738 2609 804 2664 de
864 2609 1118 2677 elegiacis
1179 2607 1400 2679 quidem
1440 2608 1654 2678 Weigel
1702 2608 1735 2663 1.
1780 2627 1820 2663 0.
1860 2627 1909 2680 p.
1937 2609 2061 2677 216,
2124 2607 2190 2662 de

68 2690 252 2762 lyricis
303 2690 486 2761 poetis
534 2692 593 2744 in
643 2691 967 2745 universum
1004 2689 1140 2744 Rob.
1173 2689 1431 2759 Holsten,
1485 2689 1553 2743 de
1595 2690 1892 2744 Stesichori
1944 2691 2002 2743 et
2039 2688 2191 2759 Ibyci

67 2771 306 2826 dialecto
346 2774 403 2826 et
431 2773 589 2843 copia
615 2773 908 2827 verborum
946 2771 1087 2824 Diss,
1113 2771 1294 2840 inaug.
1323 2770 1633 2843 Gryphisw.
1666 2771 1808 2824 1884
1833 2788 1882 2840 p.
1904 2771 1973 2824 55
2011 2772 2067 2823 01
2103 2770 2187 2823 70.

246 2853 630 2907 Arteficiosius
671 2856 877 2920 autem,
921 2870 1087 2923 quam
1114 2855 1177 2906 ut
1214 2851 1374 2906 nobis
1412 2851 1761 2923 persuadeat,
1804 2850 2188 2921 quaestionem

68 2934 336 2987 tractavit
373 2933 608 3003 Verra113
659 2933 713 2987 id
755 2934 901 2987 enim
940 2935 1172 3004 spectat,
1225 2937 1305 3001 ut,
1360 2933 1690 3003 ubicumque
1729 2948 1840 2985 vox
1890 2931 1994 2984 1100
2033 2930 2188 2984 exitu

65 3013 300 3082 insignis
350 3014 551 3082 legitur
601 3013 751 3086 apud
800 3014 1062 3084 tragicoS,
1115 3017 1338 3086 poetam
1392 3015 1555 3068 certis
1602 3010 1931 3083 quibusdam
1983 3012 2180 3082 causis,

66 3094 231 3148 modo
271 3095 378 3148 hac
416 3094 578 3149 modo
617 3095 727 3162 illa,
783 3098 1115 3149 commotum
1163 3096 1415 3150 consulto
1455 3095 1674 3149 Ionicae
1713 3093 1804 3146 vel
1843 3092 2029 3163 epicae
2071 3091 2182 3147 dic-

69 3176 238 3230 tionis
279 3175 346 3230 ad
388 3176 758 3230 imitationem
797 3193 856 3229 se
896 3176 1199 3248 applicasse
1228 3177 1464 3243 evincat,
1507 3193 1619 3246 qua
1655 3175 1713 3227 in
1750 3190 1807 3226 re
1846 3172 1993 3244 quod
2031 3173 2184 3228 haud

67 3274 276 3328 paucos
314 3257 465 3310 locos
506 3274 641 3310 suae
682 3257 1150 3325 argumentationi
1189 3256 1491 3311 contrarios
1518 3256 1635 3325 ipse
1669 3254 1920 3324 repperit,
1959 3254 2182 3309 minime

68 3338 344 3392 miramur.
423 3336 696 3391 Videntur
734 3337 880 3391 enim
915 3337 1053 3393 haec
1091 3337 1366 3393 vocabula
1406 3336 1568 3390 sicuti
1605 3335 1784 3388 multa
1821 3333 1932 3389 alia
1964 3334 2181 3390 Ionicae

248 3449 279 3504 1)
312 3449 441 3503 Quae
474 3461 578 3492 cum
612 3446 766 3492 adhuc
806 3447 1004 3493 collecta
1034 3463 1136 3494 esse
1166 3463 1262 3494 non
1294 3447 1546 3499 videamus,
1589 3445 1683 3488 iam
1714 3444 1842 3489 brevi
1872 3458 2101 3502 ponamus
2131 3446 2180 3491 in

69 3517 347 3571 conspectu:
381 3514 525 3570 ἄκτωρ
557 3510 756 3570 ἀλάστωρ
787 3510 977 3573 ἀλέκτωρ
998 3514 1196 3574 ἀνάκτωρ
1228 3511 1460 3573 ἄρμόστωρ
1491 3511 1714 3568 ἀσπίστωρ
1743 3510 1938 3569 ἀφίκτωρ
1967 3509 2180 3571 γεννήτωρ

67 3575 259 3637 δαίκτωρ
292 3577 454 3639 δέκτωρ
487 3577 751 3636 δυσευνάτωρ
792 3576 1000 3639 ἐκδέκτωρ
1043 3580 1232 3639 εὐνάτωρ
1273 3578 1481 3635 ἐφάπτωρ
1512 3574 1712 3635 θέλκτωρ
1753 3574 2014 3635 θεομήστωρ
2044 3576 2179 3638 ἵκτωρ

67 3646 318 3704 μαστίκτωρ
347 3645 547 3704 μιάστωρ
592 3644 795 3703 μνήστωρ
838 3648 1027 3706 νεμέτωρ
1068 3643 1253 3705 οἰκήτωρ
1293 3640 1563 3701 παιδολέτωρ
1601 3642 1826 3701 ποινάτωρ
1863 3640 2176 3704 πολυμνήστωρ

67 3710 311 3770 πορθήτωρ
340 3711 550 3770 πράκτωρ
570 3711 819 3769 προσίκτωρ
848 3710 987 3771 ῥῦτωρ
1019 3712 1190 3771 σάκτωρ
1222 3709 1410 3768 συλὴτωρ
1433 3706 1683 3767 συλλήπτωρ
1705 3706 1942 3768 συνδαίτωρ
1973 3709 2178 3770 συνίστωρ

67 3775 327 3836 συνοικὴτωρ
357 3777 588 3837 ταράκτωρ
620 3774 813 3836 φιλήτωρ
843 3777 1063 3838 φράστωρ.
