2450 4146
1134 215 1506 270 ...22-

251 366 550 441 epicaeque
591 362 828 418 dialecto
879 364 1099 435 propria
1147 366 1368 435 postea,
1421 380 1548 419 cum
1585 380 1622 419 a
1670 364 1913 436 pedestri
1952 367 2203 422 oratione
2239 383 2388 424 non-

252 447 420 504 nullis
470 445 719 517 exceptis
771 444 1220 516 repudiarentur,
1272 445 1478 516 poetici
1528 448 1720 501 tamen
1769 448 2040 503 sermonis
2086 447 2391 521 peculiaria

253 547 319 584 ac
356 528 573 601 propria
610 526 761 581 facta
798 543 921 580 esse
958 526 1056 593 ita,
1110 529 1192 596 ut,
1247 526 1580 599 quicumque
1617 528 1951 597 tragicorum
1989 546 2187 585 versus
2223 530 2389 587 audi-

254 611 441 678 ebant,
483 626 551 663 ea
589 624 703 662 non
741 610 808 662 ut
839 607 1111 662 Ionismos
1151 607 1252 662 sed
1288 611 1353 663 ut
1392 609 1609 680 poetico
1637 608 1879 682 quodam
1916 610 2096 666 colore
2133 611 2393 684 praedita

253 697 422 763 atque
473 689 692 743 imbuta
743 688 1071 760 acciperent.
1150 688 1309 756 Quod
1361 707 1425 745 eo
1481 690 1645 746 citius
1681 691 1800 746 fieri
1850 694 2055 764 potuit,
2109 693 2243 765 quia
2279 692 2388 750 illis

251 772 482 829 vocibus
532 770 793 825 notiones
852 770 966 824 iam
1024 770 1174 843 apud
1213 770 1516 826 Homerum
1573 772 1895 845 plerumque
1946 774 2191 830 subsunt
2246 792 2390 847 quas

253 853 488 909 dicimus
527 850 860 920 abstractae,
900 851 1092 907 multis
1127 852 1344 908 ethicae
1375 851 1555 909 veluti
1593 856 1802 924 ἀγανο-,
1841 857 1996 919 ἀεοι-,
2037 858 2210 919 daim,
2249 878 2389 920 σαο·,

254 938 421 1006 φιλο-,
447 935 855 1004 χαλι-φροσύνη,
881 935 1195 1005 κερδοσύνη,
1221 936 1546 1006 κλεπτοσύνῃ
1568 935 1705 1006 aliiS,
1727 937 1874 1008 quod
1894 937 2191 993 verborum
2211 954 2391 1008 genus

251 1017 503 1088 poeticae
562 1013 862 1069 elocutioni
912 1015 1207 1088 praecipue
1272 1017 1568 1072 convenire
1627 1035 1791 1073 nemo
1849 1021 1937 1074 est
1993 1020 2127 1091 quin
2183 1018 2393 1078 videat.

251 1097 443 1170 Neque
482 1095 653 1166 igitur
690 1097 906 1165 mirum,
947 1096 1097 1169 quod
1133 1098 1373 1167 gnomici
1410 1116 1543 1171 prae
1582 1099 1782 1155 ceteris
1820 1098 2172 1157 adamarunt.

429 1177 549 1233 Hoc
588 1195 763 1233 unum
802 1181 995 1234 autem
1020 1180 1138 1234 viro
1180 1179 1342 1235 docto
1370 1179 1587 1236 Verrall
1623 1198 1783 1253 porro
1819 1185 1942 1237 erat
1965 1182 2390 1255 respiciendum,

250 1261 446 1316 horum
473 1259 770 1315 verborum
808 1279 976 1315 usum
1001 1261 1114 1316 iam
1153 1263 1448 1333 propterea
1475 1262 1892 1333 angustioribus
1916 1263 2129 1320 finibus
2155 1266 2392 1321 circum-

251 1343 517 1415 scriptum
556 1359 697 1430 esse,
750 1343 899 1414 quod
949 1342 1211 1415 pleraque
1253 1342 1685 1399 choriambicum
1723 1344 1931 1401 cadunt
1968 1346 2027 1401 in
2063 1346 2391 1419 rhythmum

249 1515 309 1568 in
349 1514 666 1571 trimetrum
702 1514 1004 1571 iambicum
1053 1514 1220 1587 recipi
1260 1516 1466 1587 potest,
1519 1518 1588 1571 ut
1624 1515 1826 1571 iambis
1865 1516 2262 1589 anapaesticus
2299 1516 2394 1573 vel

251 1595 508 1669 dactylus
545 1598 840 1666 inseratur,
892 1596 950 1651 id
989 1595 1138 1668 quod
1175 1613 1397 1668 perraro
1436 1596 1568 1652 licet
1603 1597 1662 1652 in
1697 1598 1949 1653 trimetro
1987 1599 2212 1669 tragico,
2271 1597 2392 1667 Quo

249 1678 328 1750 fit,
356 1682 424 1734 ut
451 1696 482 1733 e
509 1678 1103 1752 duodequinquaginta
1129 1678 1210 1733 eis
1237 1678 1387 1749 lociS,
1424 1679 1627 1751 quibus
1654 1697 1823 1735 voces
1849 1681 1907 1734 in
1934 1683 2093 1751 -σύνη
2120 1683 2395 1736 exeuntes

251 1759 402 1833 apud
440 1761 681 1831 tragicos
719 1760 863 1833 (dico
902 1759 1159 1833 Aeschyl.
1188 1759 1441 1832 Sophocl.
1479 1761 1682 1834 Eurip.)
1721 1762 2103 1831 inveniuntur,
2143 1761 2397 1835 exeeptis

250 1842 430 1897 tribus
492 1842 802 1915 Euripideis
866 1842 981 1915 Iph.
1029 1841 1154 1897 Aul.
1203 1840 1384 1917 [1431]
1450 1842 1572 1898 Tro,
1637 1843 1748 1899 990
1812 1844 2011 1899 Bacch.
2058 1843 2229 1915 1302,
2294 1843 2395 1900 ubi

252 1926 533 1996 ἀφροσύνη
582 1926 841 1991 occurrit,
892 1942 967 1980 ne
1017 1942 1167 1979 unus
1218 1923 1444 1997 quidem
1497 1927 1685 1980 exstet
1733 1926 1792 1980 in
1829 1925 2046 1982 iambis
2121 1924 2394 1981 Videmus

250 2007 418 2078 igitur
445 2008 616 2063 etiam
641 2024 904 2063 numeros
931 2007 1005 2063 ad
1030 2006 1136 2062 has
1163 2025 1330 2063 voces
1359 2007 1478 2063 sive
1505 2006 1768 2063 vitandas
1796 2007 1915 2063 sive
1955 2006 2396 2080 frequentandas

249 2089 589 2162 permultum
616 2090 935 2160 contulisse,
978 2106 1087 2161 quo
1113 2087 1334 2145 facilius
1367 2089 1481 2144 iam
1507 2089 1896 2159 intellegemus
1933 2090 1991 2145 in
2019 2092 2197 2145 metro
2222 2089 2396 2145 heroo

251 2171 284 2226 i.
313 2188 358 2227 e.
398 2170 548 2245 apud
586 2171 890 2227 Homerum
930 2173 988 2226 et
1025 2170 1176 2244 apud
1215 2170 1490 2241 elegiacos
1536 2174 1735 2243 poetas
1775 2189 1872 2226 eas
1910 2172 2090 2242 magis
2128 2171 2394 2244 frequen-

251 2253 362 2308 tari
401 2270 571 2326 quam
610 2252 759 2325 apud
798 2256 1029 2309 ceteros,

433 2423 931 2480 Adiectivorum
981 2423 1353 2480 verbalium
1405 2441 1549 2496 quae
1601 2422 1862 2478 dicuntur
1912 2441 2038 2479 cum
2087 2440 2397 2496 permagna

252 2506 312 2561 in
361 2523 472 2561 usu
523 2506 599 2561 sit
650 2506 809 2577 copia
858 2498 996 2560 inde
1038 2506 1111 2561 ab
1162 2499 1402 2562 Homero
1453 2506 1512 2561 in
1572 2505 1723 2561 omni
1774 2522 1975 2575 genere
2025 2505 2280 2579 poeticae
2334 2507 2397 2561 et

253 2587 530 2662 pedestris
569 2587 842 2656 dictioniS,
891 2587 1229 2658 praefixo
1271 2590 1430 2649 ὅυς-
1469 2589 1662 2643 tamen
1715 2604 1786 2642 ne
1824 2604 2000 2642 unum
2039 2585 2264 2660 quidem
2300 2586 2394 2643 in-

252 2670 477 2726 venitur
532 2669 593 2724 in
648 2671 943 2742 poetarum
1002 2669 1097 2740 qui
1142 2668 1411 2725 Simonidi
1468 2671 1658 2725 aetate
1717 2667 2063 2725 antecedunt
2118 2669 2392 2739 versibus,

255 2750 406 2826 apud
457 2752 641 2824 ipsum
680 2749 1020 2807 Simonidem
1078 2750 1258 2806 solum
1300 2754 1637 2824 ὃυσάμβατος
1685 2749 1844 2820 frgm.
1883 2750 1972 2822 58,
1994 2750 2054 2818 2,
2111 2762 2397 2824 perpauca

257 2832 457 2890 deinde
496 2831 646 2907 apud
684 2832 853 2888 hosce
891 2833 1112 2905 poetas:

445 2916 706 2987 δύσβατος
742 2913 898 2970 Ρίηό..
936 2913 1092 2969 Nem.
1120 2911 1236 2982 VII,
1254 2914 1324 2970 97

447 2998 784 3069 ὄυσμάχητος
820 2993 1078 3068 Bacchyl.
1117 2993 1274 3064 frgm.
1302 2996 1372 3052 37
1386 2996 1452 3066 A,
1469 2997 1504 3052 2
1543 2994 1818 3069 (dubium)

445 3080 826 3139 δυσπάλαιστος
862 3075 1171 3150 Epicharm.
1210 3076 1337 3145 254,
1354 3079 1387 3132 5
1427 3078 1535 3151 (ed.
1572 3076 1791 3149 Kaibel)

445 3162 725 3231 δύστλητος
761 3156 1074 3232 Empedocl.
1119 3156 1285 3227 116,1

261 3238 597 3298 Creberrima
634 3259 766 3298 vero
795 3243 1026 3297 exstant
1062 3239 1213 3314 apud
1238 3240 1490 3309 tragicos.
1547 3241 1802 3314 Namque
1829 3239 2142 3314 Aeschylus
2168 3238 2394 3313 quidem

261 3318 433 3376 habet
478 3323 708 3393 triginta
722 3324 786 3396 ⁹),
828 3322 1132 3396 Sophocles
1182 3320 1402 3391 viginti,
1460 3342 1489 3378 e
1543 3323 1746 3396 quibus
1798 3341 1899 3379 sex
1951 3340 2077 3379 cum
2114 3319 2393 3394 Aeschylo

438 3476 471 3532 ¹)
503 3477 623 3523 Sunt
638 3482 797 3523 autem
814 3478 953 3525 haec:
976 3474 1312 3536 δυοαψεόμιπος
1341 3471 1620 3536 δυσάγκριτος
1650 3475 1892 3526 δυσάλωτος
1922 3475 2179 3536 δυσάρεστος
2208 3472 2391 3535 δύσαρκ-

265 3550 336 3582 τος
380 3536 588 3598 δύσβατος
633 3541 892 3601 δυσβάῢιπος
937 3540 1221 3604 duod-&ome
1265 3538 1513 3590 δυσέκδυτος
1558 3543 1818 3593 δυσεκλύτως
1862 3542 2106 3602 δυσεύρετος
2149 3538 2396 3590 δυσθέατα*

268 3598 462 3652 δυσίατος
506 3605 883 3657 δυσκατάπαυστος
928 3609 1151 3670 δύσκριτος
1169 3609 1274 3668 (we)
1321 3606 1611 3665 δυσκύμαντος
1656 3610 1881 3659 δύσληπτος
1925 3607 2125 3655 obolum
2169 3606 2394 3657 δύοοιοτος

269 3662 579 3719 δυσπάλαιστος
623 3672 1009 3732 δυσπαράθελκτος
1052 3673 1397 3734 δυσπαραίτητος
1442 3673 1718 3734 δύσπεμπτος
1763 3674 2081 3733 δοσκολέμητοσ
2127 3671 2395 3732 δυοπόνητος

270 3727 477 3806 &timorve
535 3734 852 3797 δυοτέκμαρτος
912 3740 1141 3800 δύστλητος
1199 3738 1415 3799 &warne
1474 3739 1763 3802 δυσχείρωτος.
1826 3745 1956 3800 Quae
1986 3742 2215 3788 tractavit
2255 3742 2303 3788 C.
2334 3741 2391 3789 E.

271 3795 459 3856 3181101),
492 3799 549 3845 de
581 3805 748 3850 adiect.
778 3808 900 3852 verb.
933 3825 1026 3857 ·τοσ
1055 3808 1289 3856 terminat.
1321 3808 1573 3868 insignium
1604 3825 1693 3857 usu
1723 3810 1891 3858 Aeson.
1923 3807 2106 3866 Lipsiae
2141 3807 2268 3855 1889.
