2450 4146
1127 223 1499 279 ..64-

422 377 956 446 χαραξίποντος.
1026 371 1090 426 fr.
1130 371 1271 441 23‚3
1310 371 1461 431 ναΐας
1497 372 1714 432 κλαΐδος
1749 372 2153 442 χαραξιπόντου.
2215 370 2385 445 Apud
2428 375 2432 419 ἶ

243 460 439 531 poetas
479 456 697 511 serioris
724 454 947 508 demum
982 454 1190 507 aetatis
1230 454 1513 523 χαράσσειν
1551 451 1620 507 de
1645 453 1782 508 navi
1820 468 2067 526 aequora
2091 455 2384 526 tamquam
2431 493 2435 514 „

243 539 497 595 sulcante
535 537 595 590 in
632 553 742 590 usu
781 538 885 604 est,
927 535 1016 590 cfr.
1057 533 1221 606 Orph.
1251 531 1456 602 Argon.
1483 533 1593 589 372
1631 536 1916 604 ἀμπαύσας
1956 536 2170 605 δολιχῆς
2205 536 2383 606 almiro
2434 606 2437 611 ,

242 622 371 692 νηὸς
406 619 600 674 τυτθὸν
637 620 728 671 ὑπ’
773 619 1047 686 εἰρεσίῃσιν
1085 617 1326 670 ἐκέκλετο
1371 621 1519 685 κῦμα
1558 617 1841 685 χαράσσειν
1882 616 1993 672 703
2032 619 2228 686 ἱέμενοι
2271 616 2383 671 θοὰ
2431 686 2434 691 ,

241 703 446 771 κύμαθ’
474 702 561 754 ὑπ’
598 701 840 769 εἰρεσίῃσι
868 700 1140 768 χάρασσον
1186 697 1233 751 Ν
1239 714 1366 752 onn.
1393 696 1551 751 Dion.
1581 696 1633 763 3,
1648 696 1722 752 46
1755 700 1986 768 νήνεμον
2021 699 2384 767 ἀκροτάτοισιν
2430 693 2448 734 'V

240 784 393 852 ὕδωρ
431 782 727 851 ἐχάρασσον
766 782 1015 850 ἐρετμοῖς,
1058 778 1150 833 cfr.
1178 778 1269 847 26,
1298 778 1403 832 180
1440 777 1531 847 40,
1552 777 1664 832 466
1701 778 1792 848 41,
1816 778 1926 834 114
1961 778 2053 847 43,
2068 778 2194 834 200.
2259 777 2383 835 Ho-

241 881 425 919 merus
465 861 689 934 quidem
714 861 949 917 verbum
981 861 1265 931 χαράσσειν
1293 859 1519 915 omnino
1546 877 1660 915 non
1686 860 1861 930 novit,
1902 859 2054 933 apud
2070 859 2383 916 Hesiodum

241 945 374 1018 opp.
403 944 511 1000 387
534 987 544 999 .
567 944 675 1000 573
741 943 891 998 Scut.
918 942 1078 998 Herc.
1105 942 1215 997 235
1254 942 1371 997 vim
1408 943 1567 997 tenet
1605 941 1855 997 acuendi.

419 1027 773 1096 ἀμφιταρά
791 1046 943 1080 σσω.
1001 1023 1065 1078 fr.
1094 1023 1234 1094 51,2
1273 1024 1401 1084 ἁλὸς
1427 1025 1977 1094 ἀμφιταρασσομένας.
2033 1022 2195 1079 Hom.
2221 1044 2247 1078 ε
2272 1022 2379 1079 291

240 1109 456 1178 ἐτάραξε
497 1150 507 1161 .
536 1150 547 1162 .
586 1109 795 1162 πόντον.
834 1108 977 1176 —⁴⁸)

416 1271 634 1341 Agmen
673 1269 942 1325 claudant
979 1286 1260 1341 perpauca
1297 1267 1578 1323 vocabula
1624 1285 1707 1337 ea,
1769 1285 1954 1339 quae
2009 1267 2095 1324 ab
2152 1267 2383 1340 epicis

239 1352 357 1407 vel
406 1353 568 1424 ipsa
619 1352 854 1423 stirpe
905 1351 1122 1423 plane
1175 1350 1631 1422 discrepant:
2433 1343 2438 1356 ⁵

416 1437 759 1504 τυραννίς.
829 1433 893 1488 fr.
921 1433 1062 1504 71‚2
1099 1435 1174 1492 τίς
1213 1474 1224 1487 .
1265 1474 1276 1487 .
1315 1434 1431 1503 βίος
1467 1433 1721 1492 ποθεινὸς
1759 1436 1792 1502 ἢ
1830 1434 1959 1486 ποία
1995 1433 2262 1502 τυραννίςῐ
2300 1430 2383 1487 ΒΘ
2429 1447 2439 1497 J

238 1516 347 1571 hac
383 1533 521 1572 voce
562 1515 882 1571 conferatur
919 1514 1136 1584 Weigel
1174 1514 1206 1569 l.
1235 1532 1277 1569 c.
1316 1532 1368 1586 p.
1394 1513 1504 1569 216
1544 1517 1736 1569 annot.
1763 1513 1811 1568 3.
2432 1534 2439 1568 1

419 1599 657 1668 ψόγος.
709 1597 773 1653 fr.
801 1597 904 1665 5‚2
943 1599 1068 1652 ἄνευ
1107 1598 1302 1666 ψόγου.
1353 1595 1474 1651 Hoc
1511 1595 1934 1651 substantivum
1971 1595 2212 1668 primum
2250 1611 2383 1651 con·
2436 1597 2437 1600 ’

238 1679 381 1736 serre
419 1680 551 1735 licet
577 1697 662 1752 ap.
688 1678 1018 1751 Xenophan.
1057 1678 1121 1733 fr.
1155 1678 1238 1746 11,
1256 1679 1290 1732 2
1318 1678 1528 1750 (Diels),
1571 1678 1770 1733 deinde
1797 1675 1952 1734 Pind.
1979 1675 2136 1733 Nem.
2162 1674 2381 1745 vn,61‚

239 1760 581 1818 adiectivum
619 1760 937 1817 derivatum
961 1762 1199 1831 ψογερός
1223 1759 1386 1832 Pyth.
1414 1760 1476 1829 H,
1492 1760 1578 1815 55.
1645 1758 1881 1831 Saepius
1909 1757 2178 1814 exhibent
2201 1762 2384 1829 ψέγειν
2437 1767 2442 1774 “

240 1846 297 1899 et
335 1845 509 1914 ψόγος
547 1843 735 1899 Attici.
2436 1859 2444 1886 -’

422 1927 813 1985 ἀκίνδυνος.
889 1924 954 1980 fr.
983 1924 1121 1994 36,3
1162 1926 1365 1978 ἄπονον
1404 1925 1521 1978 οὐδ’
1552 1925 1783 1993 ἄφθιτον
1809 1924 1928 1977 οὐδ’
1958 1923 2243 1977 ἀκίνδυνον
2266 1924 2386 1993 βίον
2430 1959 2432 1963 ψ

240 2006 304 2062 fr.
344 2007 416 2063 66
468 2009 750 2062 ἀκίνδυνον
801 2009 972 2078 γέρας.
1048 2007 1311 2066 Κίνόυνος
1362 2008 1421 2060 et
1472 2006 1781 2077 composita
1820 2005 1892 2059 ab
1933 2004 2088 2077 epico
2126 2020 2384 2060 sermone
2429 2030 2439 2052 τ

243 2091 376 2143 sunt
411 2088 577 2160 plane
617 2089 803 2144 aliena
815 2089 886 2161 ⁴⁹)
926 2105 1110 2161 neque
1149 2090 1253 2142 aut
1290 2105 1328 2142 a
1364 2086 1550 2159 lyricis
1590 2090 1691 2141 aut
1730 2104 1766 2140 a
1804 2087 2029 2156 tragicis
2060 2085 2241 2158 poetis
2281 2102 2383 2141 ex·

243 2172 402 2242 cepto
442 2169 699 2241 Euripide
737 2170 821 2227 ita
857 2170 1238 2242 frequentata,
1294 2171 1361 2224 ut
1404 2169 1462 2223 in
1501 2185 1669 2240 prosa
1707 2169 1919 2237 Attica3
1970 2169 2195 2240 praesto
2235 2167 2384 2223 enim
2432 2195 2434 2197 >

242 2255 379 2307 sunt
415 2269 530 2307 non
568 2252 677 2306 nisi
710 2251 893 2308 Solon.
921 2250 1004 2322 13,
1021 2251 1093 2307 65
1118 2279 1164 2296 =
1190 2251 1434 2320 Theogn.
1461 2250 1570 2305 585
1610 2249 1854 2319 Theogn.
1882 2249 1993 2305 557
2014 2293 2025 2304 .
2046 2249 2157 2306 637
2194 2248 2383 2305 Aleae.
2434 2307 2435 2310 ,

247 2333 352 2389 138
392 2333 596 2405 Sapph.
625 2333 731 2388 161
772 2333 1022 2407 (Aeolica
1051 2334 1231 2389 forma
1266 2334 1450 2388 κίνόυν
1488 2330 1639 2404 apud
1677 2331 2011 2404 utrumque),
2049 2348 2211 2403 porro
2249 2330 2382 2387 Pin·
2430 2372 2440 2398 s

243 2414 362 2471 dari
410 2414 517 2470 loci
570 2414 773 2484 decem,
825 2415 1091 2488 Aeschyli
1141 2417 1423 2488 quattuor,
1483 2413 1771 2486 Sophoclis
1826 2412 1954 2482 duc,
2010 2430 2152 2485 quos
2205 2412 2383 2468 affere

240 2496 469 2566 longum
509 2500 611 2552 est.
686 2498 989 2557 Ἀκίνδυνος
1026 2501 1141 2567 βίος
1187 2497 1334 2552 sicut
1371 2494 1520 2568 apud
1559 2493 1902 2550 Simonidem
1940 2495 1974 2550 1.
2015 2512 2058 2550 c.
2095 2494 2384 2550 invenitur
2433 2521 2436 2544 s

243 2597 328 2652 ap.
367 2578 550 2651 Eurip.
577 2578 691 2651 Iph.
719 2580 782 2633 A.
809 2578 875 2634 17
928 2579 1068 2633 Med.
1096 2579 1222 2647 248,
1264 2580 1545 2639 ἀκίνδυνος
1582 2579 1746 2632 αἰών;
1785 2576 1941 2632 Pind.
1966 2576 2131 2649 Pyth.
2158 2575 2382 2647 IV,186.

423 2662 715 2721 ἀλίθιος.
782 2658 846 2715 fr.
874 2660 977 2728 5,5
1030 2667 1137 2714 τῶν
1176 2662 1278 2731 γὰρ
1336 2662 1559 2715 ἀλιθίων
1616 2662 1851 2729 ἀπείρων
1903 2661 2140 2728 γενέθλα.
2216 2656 2383 2731 Apud
2432 2667 2435 2718 j

244 2743 428 2815 epicos
465 2741 776 2814 lyricosque
803 2743 938 2796 ante
966 2741 1260 2797 Simonidis
1288 2745 1538 2798 aetatem
1562 2740 1728 2814 plane
1755 2740 2120 2809 desideratur,
2159 2740 2385 2796 videtur
2435 2811 2439 2818 .

244 2827 436 2881 autem
475 2824 717 2880 sermoni
753 2824 939 2879 Attico
991 2824 1260 2894 imprimis
1301 2842 1425 2880 esse
1471 2823 1772 2897 proprium;
1823 2827 2119 2895 poetarum
2158 2820 2381 2895 quidem
2424 2815 2435 2886 ,ἦ

242 2907 557 2962 Atticorum
594 2905 745 2961 locos
784 2904 1130 2960 excussimus
1171 2905 1359 2961 hosce:
1411 2907 1639 2977 ἠλίθισςε
1678 2905 1936 2977 Aeschyl.
1975 2905 2076 2975 Ag.
2103 2903 2215 2960 366
2253 2902 2379 2959 Eur.
2434 2974 2438 2982 1

245 2988 388 3061 Cycl.
415 2988 525 3045 537
552 2987 755 3044 Cratin.
780 2986 935 3042 1240
973 2985 1164 3058 Eupol.
1191 2986 1257 3041 fr.
1291 2988 1410 3058 159,
1428 2988 1462 3043 8
1501 2988 1779 3059 Aristoph.
1807 2986 1942 3041 Ach.
1961 2985 2074 3042 443
2100 2985 2243 3041 Nub.
2269 2984 2384 3042 870
2433 2993 2436 2994 ’

244 3072 346 3125 Av.
374 3070 482 3125 523
505 3113 516 3125 .
542 3070 684 3126 1604
723 3067 1055 3140 Thesmoph.
1082 3067 1192 3122 290
1214 3109 1224 3121 .
1246 3069 1353 3123 593
1405 3070 1544 3126 Ran.
1573 3069 1681 3125 917
1722 3067 1926 3123 Eccles.
1953 3067 2086 3138 '7653
2125 3068 2379 3139 ἠλιθιόωε
2425 3078 2430 3116 f

244 3151 499 3224 Aeschyl.
526 3151 705 3208 Prom.
737 3150 906 3221 10813
945 3149 1232 3221 ἦλιθιάζωε
1274 3151 1550 3223 Aristoph.
1590 3150 1726 3223 Equ.
1755 3150 1916 3205 1124.
1974 3148 2095 3205 Vid.
2133 3146 2378 3204 Moerid.:
2432 3216 2433 3219 Ἴ

423 3346 476 3402 ⁴⁸)
509 3345 754 3391 Accedunt
783 3342 841 3397 ἐξ
870 3338 1114 3399 ἀδήλους
1155 3339 1212 3387 it.
1233 3339 1323 3386 287
1351 3341 1404 3384 τὸ
1435 3343 1663 3402 θάμβος
1693 3339 1741 3387 δὲ
1772 3339 2004 3398 οὕδετέρως
2032 3337 2145 3400 παρ’
2175 3336 2375 3398 “ομἦρφ,
2419 3382 2423 3384 ,

248 3408 371 3466 παρὰ
402 3407 448 3454 δὲ
468 3408 694 3471 Σίμαηίδῃ
714 3410 970 3470 &pammac
1002 3408 1150 3455 schol.
1180 3407 1242 3453 ad
1273 3407 1408 3453 Hom.
1440 3412 1481 3451 Δ
1498 3410 1570 3456 79.
1613 3409 1872 3470 Singularis
1901 3409 2088 3455 videtur
2115 3405 2194 3452 hio
2223 3405 2376 3452 Simo·
2419 3453 2420 3456 ,

251 3474 367 3520 nidis
398 3491 523 3522 usus.
555 3502 612 3510 —
643 3478 699 3523 tr.
721 3477 806 3523 241
839 3491 1051 3521 κκκκκκ
1058 3472 1265 3534 ρώἳραν
1310 3475 1504 3531 (scilicet
1544 3477 1745 3537 navem).
1809 3475 2008 3530 Homeri,
2048 3472 2181 3519 cuins
2222 3485 2377 3518 exem-
2411 3492 2414 3494 v

251 3539 377 3595 plum
409 3544 670 3590 Simonides
709 3547 782 3589 est
826 3546 1028 3598 secutus.
1074 3541 1177 3588 libri
1206 3540 1325 3585 duas
1370 3544 1597 3599 praebent
1637 3543 1816 3589 formas
1859 3537 2164 3599 κυανόπρφρος
2211 3538 2378 3597 (iem.):

253 3604 2373 3665 0693Ψ852.8·78ι482.539κ12·116μ100.148.354ξ311χ465οιωυονοπρῴρειοεε
2411 3608 2416 3631 ³

252 3683 277 3722 γ
305 3670 394 3716 299
425 3672 586 3730 (sem.);
619 3674 702 3719 cir.
735 3674 804 3718 La
835 3676 1011 3731 Reche.
1042 3674 1227 3722 Boua.
1267 3673 1443 3720 Παίονα.
1475 3675 1494 3719 1
1524 3689 1568 3734 p.
1601 3675 1704 3722 219.
1765 3671 2071 3730 Κυανόπρῳρα
2102 3671 2379 3731 Bacchylidi
2408 3683 2409 3687 ’

254 3737 588 3784 restituendum
620 3738 806 3785 videtur
835 3741 995 3794 xv1‚1
1027 3737 1321 3798 κυανόπρφρα
1350 3739 1433 3795 μὲν
1460 3747 1577 3788 ναῦς.
2163 3777 2166 3780 «
2405 3766 2409 3770 ·

428 3801 481 3857 ⁴⁹)
513 3804 626 3850 nihil
655 3805 784 3850 valet
814 3818 909 3851 var.
941 3809 1047 3854 lect.
1076 3820 1116 3865 φ
1145 3805 1235 3852 808
1262 3802 1458 3850 κίνδυνον
1487 3822 1572 3867 pro
1603 3807 1775 3865 ὅμιλον.
