2450 4146
944 225 1313 279 ...49-

60 370 188 426 inde
227 389 262 426 a
288 370 584 425 Simonidis
624 370 739 426 fere
777 372 1116 443 temporibus
1156 374 1214 426 et
1251 372 1391 427 haec
1430 376 1487 427 et
1512 373 1608 427 illa
1646 375 1798 429 notio
1841 378 1928 430 est
1964 379 2187 447 recepta

61 470 98 506 a
122 451 302 524 poetis
342 451 672 524 solutaeque
701 452 955 508 dictionis
983 454 1361 525 scriptoribus;
1400 454 1714 510 Heraclitus
1749 457 1970 527 quidem
2008 457 2185 528 philo-

62 532 270 604 sophus
335 533 566 588 eandem
633 535 864 604 praebet
925 535 1261 589 locutionem
1334 553 1500 606 quam
1568 535 1899 606 SimonideS,
1979 538 2188 592 scilicet

59 613 214 683 frgm.
242 613 313 667 29
353 613 564 684 (Diels):
602 617 754 674 κλέος
793 618 996 670 ἀέναον.

238 697 477 764 ἑλικοβ
489 697 558 749 λέ
571 717 808 765 φαρος.
897 697 956 752 fr.
986 697 1123 765 18,2
1186 699 1436 757 Μαιάδος
1494 701 1701 768 οὐρείας
1758 701 2184 770 ἑλικοβλεφάρου.

58 775 344 831 Peculiare
373 779 460 830 est
480 777 711 831 Veneris
740 781 1166 846 cognomentum
1194 777 1357 849 idque
1385 779 1622 849 primum
1647 779 1868 834 Hesiod.
1890 780 2091 849 Theog.
2119 781 2185 835 16

58 857 247 929 hymn.
262 856 328 925 V,
346 857 432 924 19,
474 856 670 912 deinde
696 858 849 912 Pind.
877 858 938 914 fr.
965 859 1082 927 123,
1098 857 1231 932 5[4];
1272 878 1307 914 a
1334 859 1610 914 Simonide
1638 860 1818 915 Maiae
1847 862 2184 931 attribuitur,

58 937 241 993 Ledae
300 941 355 992 et
401 938 701 993 Alcmenae
760 957 795 993 a
838 939 1074 994 Pindaro
1113 940 1274 1011 Pyth.
1316 940 1406 1009 IV,
1436 940 1553 996 172.
1631 943 1712 996 De
1776 942 2182 1011 significatione

60 1018 312 1073 conseras
351 1018 419 1073 M.
449 1018 645 1074 Glaser
682 1020 714 1074 l.
744 1038 784 1074 c
825 1039 873 1091 p.
902 1021 986 1075 23.

237 1102 584 1170 οὐράνιος.
642 1101 704 1155 fr.
728 1102 810 1170 18,
828 1103 861 1155 5
888 1103 1172 1161 Πελειάδες
1198 1103 1449 1172 οὐράνιαι.
1502 1103 1774 1157 Homerus
1801 1103 2185 1196 Hesiodusque

59 1179 326 1235 exhibent
365 1181 673 1252 epithetum
712 1181 938 1236 deorum
978 1185 1312 1255 οὐρανίωνες,
1360 1184 1419 1237 in
1460 1183 1666 1239 Cereris
1705 1185 1912 1277 hymno
1950 1187 2186 1256 primum

59 1278 124 1316 ac
163 1263 335 1316 semel
388 1263 622 1318 occurrit
670 1266 818 1318 θεῶν
857 1267 1120 1334 οὐρανίων
1159 1283 1210 1319 v.
1239 1266 1333 1334 55,
1386 1283 1588 1320 nomen
1628 1267 1905 1337 proprium
1951 1268 2183 1337 Οὐρανίη

57 1342 263 1398 ibidem
318 1362 369 1398 v.
396 1343 507 1398 424
550 1347 607 1399 et
658 1363 742 1416 ap.
781 1344 1000 1400 Hesiod.
1029 1345 1231 1414 Theog.
1274 1310 1506 1401 78350
1555 1346 1617 1401 fr.
1662 1346 1782 1416 192,
1817 1347 1861 1401 1.
1951 1348 2185 1419 Saepius

56 1424 259 1494 legitur
297 1425 446 1496 apud
484 1425 783 1480 Pindarum
822 1426 1183 1498 tragicosque.

238 1509 313 1560 οὐ
330 1528 361 1576 ρ
379 1528 477 1560 ειο
494 1529 534 1566 ς.
586 1506 650 1561 fr.
679 1508 765 1576 18,
783 1508 817 1560 2
842 1508 1093 1568 Μαιάδος
1120 1511 1340 1578 οὐρείας.
1387 1509 1506 1562 Hoc
1531 1510 1899 1581 nympharum
1928 1510 2187 1565 videlicet

57 1589 452 1641 montanarum
480 1589 749 1642 attributo
772 1589 978 1658 primus
998 1588 1278 1644 Hesiodus
1299 1591 1475 1644 utitur
1500 1591 1559 1644 fr.
1577 1591 1700 1661 198,
1731 1590 1797 1644 de
1818 1591 1968 1646 Maia
1989 1592 2186 1645 dicitur

57 1667 294 1739 primum
331 1669 390 1722 in
428 1669 616 1741 hymn.
644 1669 803 1723 Mero.
831 1670 955 1737 244,
999 1673 1241 1724 ceterum
1275 1671 1526 1726 conferas
1553 1671 1809 1726 Roscher.
1839 1673 1869 1726 l.
1899 1691 1939 1727 c.
1967 1673 2006 1741 I,
2023 1673 2184 1727 2234.

234 1752 682 1820 πολύβοτρυς.
760 1750 822 1804 fr.
851 1751 988 1821 53,3
1027 1754 1390 1822 πολυβότρυος
1428 1755 1484 1814 ἐξ
1520 1755 1763 1807 Ἰωλκοῦ.
1843 1754 1997 1808 Sicut
2035 1753 2185 1824 apud

59 1830 396 1884 Simonidem
460 1833 742 1900 regionum
815 1836 901 1886 est
965 1833 1274 1904 epithetum
1348 1851 1550 1888 ornans
1614 1834 1836 1888 Hesiod.
1890 1834 1955 1888 fr.
2006 1835 2126 1904 122,
2149 1836 2183 1888 2

55 1914 418 1982 πολυβότρυος
428 1915 530 1966 ἀντ’
548 1914 799 1982 Ἀμύροιο
831 1913 1098 1967 Theocrit.
1108 1913 1280 1983 XXV,
1291 1915 1315 1968 1
1328 1915 1352 1968 1
1367 1917 1449 1968 ἐπὶ
1462 1917 1807 1985 Βουπρασίου
1821 1918 2184 1986 πολυβότρυος

57 1991 266 2047 scilicet
306 1993 499 2047 eodem
537 1994 699 2048 modo
759 1997 1091 2066 usurpatum
1144 2013 1251 2066 quo
1291 1995 1641 2051 Homericum
1694 1999 1970 2066 ἅμπελόεις
2007 1996 2185 2051 veluti

56 2075 111 2129 B
138 2074 241 2128 561
283 2075 340 2127 Γ
362 2074 467 2129 184
503 2076 543 2127 Ι
566 2076 669 2129 152
730 2076 881 2144 alib.;
941 2079 1183 2130 ceterum
1246 2076 1562 2131 conferatur
1618 2078 1797 2149 Eurip.
1836 2078 2033 2132 Bacch.
2075 2077 2178 2132 651

55 2157 149 2225 τὴν
185 2157 518 2226 πολύβοτρυν
558 2159 793 2226 ἄμπελον
868 2158 979 2211 Ion.
1020 2157 1080 2210 fr.
1115 2159 1159 2226 1,
1176 2157 1213 2210 4
1251 2156 1471 2230 (Bergk)
1509 2161 1813 2228 βοτρυόεσσ’
1858 2161 2015 2218 οἰνάς.

236 2239 501 2307 σεμνός.
550 2239 609 2292 fr.
638 2239 724 2307 70,
742 2239 776 2292 2
805 2241 998 2308 σεμνὰν
1024 2241 1230 2307 ὑγίειαν.
1260 2239 1386 2293 Vox
1412 2240 1482 2293 ab
1509 2239 1796 2294 Homerico
1825 2243 1881 2294 et
1907 2240 2181 2295 Hesiodeo

57 2319 326 2374 sermonis
366 2336 475 2372 usu
503 2319 702 2387 aliena,
746 2338 1082 2390 quamquam
1122 2320 1320 2374 radicis
1348 2324 1484 2390 σεβ-,
1526 2321 1593 2374 de
1633 2339 1744 2391 qua
1783 2323 1870 2374 est
1909 2320 2178 2389 derivata,

56 2399 328 2454 nonnulla
380 2403 609 2454 exstant
659 2401 899 2470 vestigia
936 2401 1094 2454 velut
1132 2404 1377 2471 σέβεσθαι
1405 2403 1464 2468 (Δ
1494 2401 1618 2469 242)
1659 2405 1816 2471 σέβας
1854 2404 2179 2471 σεβάζεσθαι.

57 2480 328 2551 Imprimis
368 2483 557 2535 autem
598 2485 685 2536 est
725 2483 950 2536 deorum
991 2483 1326 2553 dearumque
1366 2482 1672 2553 epithetum
1710 2483 1900 2554 itaque
1939 2484 2177 2554 positum

56 2562 256 2631 legitur
293 2563 352 2614 in
390 2562 577 2633 hymn.
609 2563 722 2617 Cer.
751 2566 780 2616 1
805 2605 815 2616 .
837 2564 945 2618 487
983 2562 1151 2630 ΧΠ,1
1192 2563 1501 2633 XX1X‚16;
1540 2563 1668 2618 inde
1709 2565 1775 2618 de
1814 2564 1994 2632 rebUS,
2037 2581 2179 2633 quae

59 2642 285 2697 deorum
325 2647 478 2697 sunt:
518 2644 709 2715 hymn.
739 2644 850 2698 Cer.
876 2643 984 2698 479
1011 2643 1230 2714 XXVII,
1254 2645 1309 2713 53
1354 2648 1645 2715 praeterea
1684 2649 1815 2700 ante
1844 2643 2180 2699 Simonidem

60 2724 229 2779 Solon
269 2725 419 2778 solus
460 2725 686 2779 exhibet
725 2726 774 2795 4,
803 2725 884 2778 14.
961 2726 1369 2796 Frequentatur
1407 2727 1554 2797 apud
1592 2726 1891 2780 Pindarum
1930 2725 2178 2794 Bacchy-

57 2804 224 2859 lidem
264 2806 503 2873 tragicos
542 2806 599 2858 in
641 2808 889 2859 oratione
929 2806 1173 2876 pedestri
1211 2810 1441 2878 excepto
1481 2807 1774 2862 Herodoto.

237 2888 363 2955 άρύ
380 2907 440 2941 ω.
504 2887 564 2940 fr.
585 2886 716 2955 44,1
748 2889 1065 2956 χερνίβεσσιν
1093 2889 1300 2957 ἅρύεται
1327 2931 1337 2942 .
1362 2931 1371 2941 .
1396 2932 1405 2941 .
1432 2891 1583 2957 ὕδωρ
1622 2888 1681 2940 fr.
1701 2888 1789 2952 45,
1813 2887 1847 2939 2
1873 2888 2178 2939 πολύλιστον

60 2969 362 3036 ἄρυόντεσσι
417 2965 633 3041 νᾶ<μα>.
712 2968 811 3021 Cfr.
869 2967 1090 3022 Hesiod.
1139 2966 1270 3040 Opp.
1299 2970 1408 3023 550
1466 2969 1612 3022 Scut.
1651 2968 1805 3021 Herc.
1846 2967 1948 3019 301
2012 2969 2070 3019 et
2124 2966 2175 3020 h.

60 3048 174 3102 Ger.
206 3047 309 3101 106
347 3049 499 3116 ὕδωρ
539 3051 806 3117 εὐήρυτον.

239 3131 316 3181 ἐπ
332 3150 440 3197 ικρ
457 3131 482 3181 έ
492 3150 581 3197 μα
594 3151 636 3198 μ
653 3151 685 3182 α
701 3152 729 3184 ι.
769 3129 831 3182 fr.
853 3129 939 3198 39,
957 3129 990 3183 3
1018 3132 1047 3183 ὁ
1068 3131 1115 3184 δ’
1140 3133 1375 3200 ἄφυκτος
1401 3133 1552 3199 ὁμῶς
1578 3131 1912 3197 ἐπικρέμαται
1931 3129 2175 3186 θάνατος.

59 3210 306 3264 Utuntur
353 3208 546 3263 eadem
585 3209 950 3264 translatione
1003 3212 1166 3282 epicis
1218 3213 1410 3279 ignota
1465 3210 1530 3263 de
1582 3209 1746 3262 rebus
1786 3207 2032 3261 adversis
2071 3208 2175 3261 im-

60 3290 402 3345 minentibus
459 3289 644 3343 Mimn.
691 3291 740 3360 5,
759 3291 792 3344 6
851 3297 1013 3361 γῆρας
1073 3295 1205 3362 ὑπὲρ
1271 3293 1503 3360 κεφαλῆς
1560 3292 1728 3357 αὐτίχ’
1789 3291 2177 3357 ὕπερκρέμαται

59 3397 106 3415 =
124 3371 365 3440 Theogn.
393 3371 532 3425 1022
569 3373 733 3440 αὐτίχ’
765 3372 896 3440 ὑπὲρ
923 3375 1154 3443 κεφαλῆς
1183 3381 1347 3442 γῆρας
1379 3373 1767 3440 ὐπερκρέμαται
1805 3368 2045 3437 Theogn.
2067 3369 2174 3423 206

62 3455 189 3522 ἄτην
228 3455 455 3514 ἐξοπίσω
493 3453 666 3505 παισὶν
705 3454 1055 3522 ἐπεκρέμασεν
1113 3454 1266 3508 Pind.
1295 3452 1370 3506 Ol.
1398 3452 1437 3520 I,
1467 3449 1658 3523 58[56]
1698 3453 1823 3503 ἄταν
1860 3453 2173 3518 ὑπέροπλον,

63 3535 128 3587 ἅν
167 3537 218 3587 οἵ
252 3535 424 3603 πατὴρ
462 3535 592 3601 ὕπερ
632 3535 863 3602 κρέμασε
899 3537 1153 3605 καρτερὸν
1192 3538 1336 3602 αὐτῷ
1373 3534 1523 3585 λίθον
1580 3531 1767 3584 Isthm.
1782 3530 1905 3584 VIII
1931 3531 2083 3599 (VII),
2105 3531 2174 3585 14

65 3616 237 3674 δόλιος
276 3616 375 3685 γὰρ
414 3616 546 3667 αιὼν
585 3616 664 3666 ἐπ’
708 3615 926 3683 ἀνδράσι
962 3618 1229 3686 κρέμαται.
1305 3612 1525 3683 Proprio
1566 3629 1735 3666 sensu
1772 3612 1823 3664 h.
1857 3611 2029 3683 Apoll.
2063 3612 2174 3667 284

14 3712 15 3715 ’
62 3697 222 3765 πέτρη
263 3697 610 3765 ἐπικρέμαται.

243 3777 482 3838 ζαλόω.
559 3776 618 3828 fr.
647 3773 732 3844 71,
740 3774 772 3826 3
813 3777 938 3828 οὐδὲ
974 3778 1119 3831 ’θεῶν
1161 3776 1391 3838 ζαλωτὸς
1442 3772 1903 3828 αιών.ΕΧ1111)θί;
1950 3773 2169 3830 Hesiod.

154 3868 179 3904 s
183 3869 278 3905 cluo
281 3871 368 3905 eetr
1850 3861 1880 3905 4
