2450 4146
1129 205 1500 260 -42-

247 363 306 418 in
346 359 511 417 schol.
540 357 613 414 ad
637 356 889 429 Apollon.
911 354 1086 410 Rhod.
1114 355 1318 423 Argon.
1339 352 1429 422 IV,
1446 353 1608 423 1091,
1649 351 1848 408 (10111ᾱο
1873 352 2115 407 Pausan.
2134 350 2223 420 ΠΙ,
2241 350 2383 419 24‚3

247 445 355 499 ὕπὸ
391 449 485 497 τοῦ
523 441 755 509 Κάδμου
794 439 1114 508 φωραθεῖσα
1153 434 1419 508 (Semele)
1466 437 1520 494 ἔς
1555 436 1794 504 λάρνακα
1831 435 1962 504 αὐτὴ
2002 435 2093 488 καὶ
2129 434 2387 495 Διόνυσος

249 525 550 596 ἐμβληθείη.
628 519 846 575 Diodor.
875 518 940 588 V,
962 518 1035 573 62
1071 518 1163 571 τὸν
1203 518 1261 571 δὲ
1297 519 1497 586 πατέρα
1526 558 1538 570 .
1566 557 1578 570 .
1607 558 1618 569 .
1644 517 1740 586 τὴν
1775 517 2044 586 θυγατέρα
2082 514 2284 586 (Rhoio
2311 514 2388 570 ab

251 604 502 678 Apolline
538 600 852 671 gravidam)
890 602 964 659 εἰς
1000 599 1240 668 λάρνακα
1266 600 1638 668 συγκλείσαντα
1674 599 1852 668 βαλεῖν
1876 600 1949 657 εἰς
1971 598 2067 667 τὴν
2090 597 2383 665 θάλασσαν,

248 686 339 741 vel
389 684 559 739 etiam
610 680 875 753 Hesychii
932 678 1069 734 illud
1125 681 1186 734 ἐκ
1235 681 1502 749 λάρνακος
1522 697 1534 708 ·
1555 680 1734 739 νόθος.
1811 677 1971 746 Quod
2022 676 2386 750 Bacchylides

250 766 426 822 eidem
480 763 840 818 substantivo
893 760 1040 816 idem
1096 760 1406 833 epithetum
1458 760 1719 816 attribuit
1755 759 1823 828 V,
1846 760 1951 815 141
2006 760 2286 820 δαιδαλέας
2322 761 2384 814 ἔκ
2437 785 2438 788 “

247 850 531 917 λάρνακος,
584 843 735 899 haud
776 844 888 899 scio
929 841 1271 898 Simonidem
1310 860 1385 897 an
1430 843 1685 897 imitatus
1724 842 1811 897 sit.
1887 842 2156 897 Diversus
2194 844 2387 896 tamen

250 928 399 1001 apud
437 944 565 982 eum
603 925 636 982 1.
664 943 707 981 c.
733 927 999 996 λάρνακος
1038 929 1126 980 est
1164 942 1316 979 118118.

425 1010 645 1077 λόγος.
708 1006 772 1062 fr.
801 1007 889 1075 58,
917 1007 942 1061 1
987 1010 1090 1061 ἔστι
1114 1028 1190 1067 τις
1213 1008 1384 1076 λόγος.
1442 1005 1605 1078 Apud
1632 1005 1935 1060 Homerum
1966 1002 2121 1059 haud
2147 1002 2387 1076 amplius

250 1091 467 1146 duobus
525 1090 660 1144 locis
718 1087 922 1158 legitur
977 1088 1166 1160 ibique
1225 1087 1453 1143 dativus
1511 1086 1742 1159 pluralis
1800 1086 1850 1142 Ο
1874 1085 1983 1142 393
2030 1106 2065 1140 α
2092 1085 2181 1153 56,
2238 1083 2389 1140 idem

250 1190 414 1228 casus
474 1189 540 1226 ac
591 1188 857 1226 numerus
908 1169 961 1225 h.
1000 1169 1163 1225 Mero.
1191 1170 1300 1225 317
1352 1167 1576 1224 Ηο81ο(1.
1605 1168 1809 1238 Theog.
1834 1167 1970 1236 890,
2029 1167 2388 1223 accusativus

250 1253 383 1326 Opp.
411 1252 647 1310 78.789
687 1252 891 1322 Theog.
918 1251 1028 1307 229
1067 1254 1231 1320 (nom.
1257 1254 1470 1323 propr.),
1513 1250 1809 1320 singularis
1836 1267 1950 1305 non
1987 1249 2097 1305 nisi
2128 1265 2243 1304 uno
2268 1247 2393 1304 1000
2441 1293 2442 1296 ¹

251 1335 387 1408 Opp.
417 1332 579 1410 [106],
646 1335 742 1407 qui
800 1335 1020 1389 serioris
1072 1333 1296 1389 videtur
1353 1350 1500 1390 esse,
1531 1332 1778 1403 originis3
1836 1330 2036 1386 deinde
2092 1329 2393 1400 singularis
2442 1308 2450 1399 Ξ

252 1420 443 1473 exstat
481 1434 567 1489 ap.
607 1417 910 1489 Tyrt.12,1
953 1415 1141 1471 Aleae.
1162 1415 1295 1483 49‚1
1337 1415 1406 1471 71
1451 1414 1596 1470 alibi.

427 1504 729 1569 μνᾶστις.
793 1496 856 1552 fr.
882 1497 987 1567 4,3
1026 1498 1134 1568 πρὸ
1161 1499 1308 1567 γόων
1335 1498 1394 1551 δὲ
1430 1502 1659 1567 μνᾶστις.
1725 1496 1873 1550 Ante
1900 1493 2200 1550 Simonidis
2237 1496 2394 1549 aeta-

249 1584 366 1636 tem
405 1598 520 1636 non
557 1579 830 1635 traditum
867 1580 974 1634 nisi
1030 1578 1204 1634 semel
1255 1577 1406 1651 apud
1446 1578 1748 1633 Homerum
1787 1600 1819 1632 ν
1843 1577 1955 1633 280
1993 1578 2123 1632 οὐδέ
2157 1597 2233 1637 τις
2268 1579 2398 1648 ἥμιν
2441 1581 2450 1638 j

252 1665 459 1733 δόρπου
509 1669 727 1733 μνῆστις
777 1665 870 1732 ἔην
924 1666 983 1716 et
1021 1660 1195 1716 Alcm.
1223 1662 1295 1716 64
1347 1664 1451 1715 ἔστι
1500 1662 1780 1730 παρέντων
1828 1665 2047 1729 μνᾶστιν
2096 1659 2392 1729 ἐπιθέσθαι,
2443 1644 2450 1702 i

250 1744 511 1800 videlicet
560 1743 718 1799 verbi
773 1742 1007 1799 alicuius
1048 1742 1513 1798 circumscribitur
1552 1742 1729 1812 noti03
1779 1741 1915 1796 item
1955 1738 2104 1812 apud
2141 1739 2395 1795 Herodo-
2443 1703 2450 1769 ³

252 1830 375 1881 tum
415 1826 530 1888 VII,
559 1825 665 1879 158
703 1827 846 1880 οὕτω
887 1826 954 1895 δὴ
981 1825 1232 1885 Γέλωνος
1267 1832 1484 1895 μνῆστις
1523 1826 1704 1894 γέγονε
1744 1825 1803 1878 et
1841 1839 1927 1895 ap.
1955 1820 2207 1895 Sophocl.
2235 1824 2396 1892 ἴσχειν
2446 1819 2450 1875 ξ

251 1915 468 1979 μνῆστιν
506 1907 610 1977 1118,
653 1906 746 1962 cfr.
787 1907 870 1961 Ai.
911 1906 1022 1961 520
1043 1948 1054 1961 .
1079 1906 1237 1962 1269.
1314 1905 1480 1978 Apud
1520 1905 1860 1960 Simonidem
1892 1906 2063 1959 aucta
2099 1903 2158 1958 vi
2196 1901 2397 1958 dicitur
2447 1946 2450 1947 ν

254 1990 322 2045 (10
379 1988 761 2045 recordatione
824 1988 1156 2059 honorifica3
1221 2005 1399 2060 aeque
1457 2005 1542 2059 ap.
1591 1985 1843 2058 Sophocl.
1894 1986 1955 2040 fr.
2008 1985 2185 2055 145,2
2242 1987 2277 2039 ἆ
2335 1985 2397 2040 δὲ
2446 2030 2450 2058 7

252 2077 468 2142 μνᾶστις
506 2073 720 2131 θνατοῖς
757 2072 1120 2141 εὖποτμοτάτα
1170 2071 1378 2140 μελέων
1417 2071 1474 2124 et
1527 2069 1773 2124 seriores.
1851 2067 2109 2123 Ceterum
2155 2084 2192 2122 a
2228 2083 2396 2139 prosa

255 2152 479 2225 quidem
508 2153 759 2207 oratione
786 2155 876 2207 est
902 2151 1148 2207 alienum
1174 2168 1355 2223 neque
1395 2153 1499 2206 aut
1523 2149 1674 2223 apud
1713 2153 1927 2205 ceteros
1952 2148 2154 2222 lyricos
2192 2147 2398 2217 legitur
2448 2143 2450 2145 ’

256 2240 359 2290 aut
403 2233 553 2306 apud
604 2235 845 2303 tragicos
899 2234 1147 2306 exceptis
1187 2232 1475 2305 Sophoclis
1526 2232 1660 2287 locis
1713 2250 1882 2303 supra
1932 2230 2138 2298 allatiS,
2192 2229 2396 2302 quibus
2447 2294 2450 2303 ἶ

256 2314 472 2372 accedit
511 2317 592 2370 Ai.
621 2316 751 2385 5233
790 2315 991 2370 deinde
1017 2315 1381 2371 Alexandrini
1406 2316 1751 2386 usurparunt
1786 2315 2003 2385 poetae.
2069 2311 2261 2367 Attica
2285 2327 2399 2366 vox

260 2400 349 2454 est
383 2400 552 2469 μνεία.

436 2480 866 2542 ξεινοδόκος.
961 2479 1022 2532 fr.
1058 2479 1147 2548 84,
1174 2480 1210 2535 7
1236 2478 1300 2550 (‚=
1327 2477 1462 2548 59,1
1506 2477 1728 2550 H-Gr.)
1766 2477 2091 2540 ξεινοδόκων
2129 2476 2402 2545 δ’ἄριστος
2443 2507 2447 2511 ·

259 2564 290 2617 ὁ
353 2562 554 2632 χρυσὸς
615 2563 672 2615 ἐν
741 2563 917 2630 αἰθέρι
980 2562 1223 2630 λάμπων.
1337 2558 1736 2631 Lexicographi
1811 2557 1974 2613 nobis
2049 2554 2404 2613 tradiderunt

259 2644 562 2707 ξεινοδόκος
613 2644 671 2697 et
722 2643 1038 2704 ξεινοδοκεῖν
1090 2660 1125 2695 a
1165 2640 1447 2697 Simonide
1503 2644 1562 2696 et
1598 2640 1838 2696 Pindaro
1889 2641 2224 2711 usurpatum
2276 2654 2400 2693 esse

259 2742 356 2797 pro
394 2727 599 2796 μάρτυς
638 2727 696 2779 et
732 2730 1033 2794 μαρτυρεῖν,
1083 2722 1176 2777 cfr.
1214 2723 1481 2795 imprimis
1522 2721 1772 2795 Apollon.
1813 2722 1981 2794 Soph.
2018 2720 2200 2777 Lexic.
2238 2718 2399 2776 Hom.

259 2825 309 2879 p.
343 2808 463 2875 117,
486 2806 558 2862 25
585 2805 868 2879 (Bekker):
908 2806 1211 2867 ξεινοδόκος
1238 2807 1538 2874 ξενοδόκος,
1566 2807 1598 2860 ὁ
1622 2805 1745 2865 τοὺς
1771 2806 1955 2867 ξένους
1987 2794 2401 2872 ὑποδεχόμενος,

263 2891 292 2942 ὁ
333 2890 391 2943 δὲ
428 2889 703 2957 Πίνδαρος
740 2887 1147 2960 ,,ξεινοδόκησέν
1183 2907 1236 2939 τε
1276 2887 1597 2959 eumanum)
1636 2888 1747 2941 ἀντὶ
1783 2892 1876 2940 τοῦ
1916 2885 2260 2955 ἐμαρτύρησε,
2312 2884 2403 2937 καὶ

262 2973 317 3024 ἐν
354 2979 418 3040 τῇ
445 2970 742 3039 ’Ὀδυσσείᾳ
780 2969 1117 3033 υξεινοδόκος
1152 2969 1251 3037 μὲν
1290 2970 1514 3042 ἐγὼ““)
1555 2970 1707 3031 ἔδοξέ
1741 2989 1838 3022 τισι
1875 2969 2053 3037 λέγειν.
2104 2966 2236 3036 φησὶ
2274 2969 2404 3034 γοῦν

263 3053 572 3123 Σιμωνίδης
612 3052 970 3121 ,,ξεινοδόκων
1009 3050 1063 3103 δ’
1106 3050 1315 3118 ἄριστος
1353 3053 1383 3103 ὁ
1422 3052 1621 3121 χρυσὸς
1672 3052 1728 3105 ἔν
1765 3051 1940 3118 αἰθέρι
1977 3047 2253 3118 λαμπρόξ*
2291 3046 2401 3100 ἀντὶ

265 3140 356 3186 τοῦ
393 3136 699 3204 μαρτύρων.
790 3132 1089 3187 Praeterea
1137 3128 1450 3202 Hesychius
1501 3133 1747 3187 testatur
1797 3129 2033 3185 eandem
2090 3127 2402 3184 subiectam

267 3230 388 3268 esse
418 3218 783 3286 ’potestatem
835 3212 1140 3285 composito
1193 3210 1373 3266 medio
1421 3215 1788 3276 ἐπιξενοῦσθαι
1810 3232 1820 3265 z
1842 3211 2240 3274 ἐπιξενοῦσθοι·
2259 3228 2400 3277 μαρ-

268 3297 516 3363 τύρεσθαι
537 3311 548 3322 ·
575 3298 899 3366 πορεύεσθαι
973 3294 1266 3366 Σοφοκλῆς
1321 3296 1563 3363 Ἀχαιῶν
1638 3296 1898 3364 Συλλόγῳ
1973 3293 2066 3347 καὶ
2138 3291 2402 3359 Αἰσχύλος
2443 3306 2446 3307 ’

272 3375 622 3449 Κρήσσαις.”)
699 3377 950 3433 Alterum
1000 3378 1088 3431 est
1124 3373 1385 3446 Hesychii
1426 3375 1724 3443 glossema:
1777 3374 2268 3441 ἕπιξενοδόκευμαι·
2290 3373 2400 3425 ἐπι-

273 3459 619 3527 μαρτύρομαι,
659 3458 808 3530 quod
836 3456 1175 3514 Schmidtiue
1212 3456 1457 3510 mutavit
1491 3458 1548 3511 in
1588 3461 1924 3528 ἐπιξενοῦμαι
1945 3473 1956 3486 ·
1977 3454 2362 3522 ξενοδοκοῦμαι
2388 3466 2401 3480 ·
2443 3489 2450 3520 .;

452 3653 503 3705 ²⁸)
535 3654 667 3700 Piud.
699 3652 755 3698 fr.
788 3655 890 3700 811.

453 3717 504 3770 ²⁴)
538 3720 629 3763 vid.
663 3718 796 3763 Hom.
830 3723 950 3766 064.

456 3780 507 3834 ²¹⁵)
540 3783 627 3828 vid.
661 3783 879 3841 Sophocl.
912 3786 967 3833 ir.
994 3788 1077 3834 149
1106 3785 1327 3845 Aeschyl.
1360 3785 1415 3831 fr.
1442 3786 1527 3831 120
1558 3788 1788 3845 (Nauem).
