<?xml version="1.0" encoding="UTF-8"?>
<!DOCTYPE html PUBLIC "-//W3C//DTD XHTML 1.0 Transitional//EN"
    "http://www.w3.org/TR/xhtml1/DTD/xhtml1-transitional.dtd">
<html xmlns="http://www.w3.org/1999/xhtml" xml:lang="en" lang="en">
 <head>
  <title>
</title>
<meta http-equiv="Content-Type" content="text/html;charset=utf-8" />
  <meta name='ocr-system' content='tesseract 3.04.00' />
  <meta name='ocr-capabilities' content='ocr_page ocr_carea ocr_par ocr_line ocrx_word'/>
</head>
<body>
  <div class='ocr_page' id='page_1' title='image "./desimonidisceime00schruoft_0014.png"; bbox 0 0 2450 4146; ppageno 0'>
   <div class='ocr_carea' id='block_1_1' title="bbox 222 346 2373 570">
    <p class='ocr_par' dir='ltr' id='par_1_1' title="bbox 222 346 2373 570">
     <span class='ocr_line' id='line_1_1' title="bbox 222 346 2362 423; baseline 0 -16"><span class='ocrx_word' id='word_1_1' title='bbox 222 353 283 408; x_wconf 74' lang='grc' dir='ltr'><strong>δὲ</strong></span> <span class='ocrx_word' id='word_1_2' title='bbox 307 353 489 422; x_wconf 84' lang='grc' dir='ltr'><strong><em>χρόνῳ</em></strong></span> <span class='ocrx_word' id='word_1_3' title='bbox 530 351 587 404; x_wconf 79' lang='lat' dir='ltr'><strong>et</strong></span> <span class='ocrx_word' id='word_1_4' title='bbox 626 347 714 418; x_wconf 86' lang='lat'><strong>39,</strong></span> <span class='ocrx_word' id='word_1_5' title='bbox 737 349 772 403; x_wconf 92' lang='grc'>2</span> <span class='ocrx_word' id='word_1_6' title='bbox 812 351 964 403; x_wconf 81' lang='grc' dir='ltr'><em>αἰῶνι</em></span> <span class='ocrx_word' id='word_1_7' title='bbox 993 350 1051 403; x_wconf 79' lang='grc' dir='ltr'><strong>δὲ</strong></span> <span class='ocrx_word' id='word_1_8' title='bbox 1075 350 1291 419; x_wconf 84' lang='grc' dir='ltr'><em>παύρῳ;</em></span> <span class='ocrx_word' id='word_1_9' title='bbox 1332 348 1421 403; x_wconf 78' lang='lat' dir='ltr'><strong>cfr.</strong></span> <span class='ocrx_word' id='word_1_10' title='bbox 1448 346 1612 403; x_wconf 88' lang='lat' dir='ltr'><strong>K.-G.</strong></span> <span class='ocrx_word' id='word_1_11' title='bbox 1638 348 1728 419; x_wconf 82' lang='lat'>11⁸,</span> <span class='ocrx_word' id='word_1_12' title='bbox 1755 349 1780 404; x_wconf 93' lang='grc'>1</span> <span class='ocrx_word' id='word_1_13' title='bbox 1824 348 1859 423; x_wconf 69' lang='grc' dir='ltr'>ξ</span> <span class='ocrx_word' id='word_1_14' title='bbox 1884 349 2012 422; x_wconf 95' lang='grc'>426,</span> <span class='ocrx_word' id='word_1_15' title='bbox 2035 351 2068 404; x_wconf 86' lang='grc'>2</span> <span class='ocrx_word' id='word_1_16' title='bbox 2108 350 2299 407; x_wconf 72' lang='lat' dir='ltr'><strong>annot.</strong></span> <span class='ocrx_word' id='word_1_17' title='bbox 2325 350 2362 407; x_wconf 85' lang='grc'>6</span> 
     </span>
     <span class='ocr_line' id='line_1_2' title="bbox 222 428 2373 570; baseline 0.002 -86"><span class='ocrx_word' id='word_1_18' title='bbox 222 431 545 570; x_wconf 49' lang='grc' dir='ltr'><strong>Ξὲῗέξῶΐξὲ</strong></span> <span class='ocrx_word' id='word_1_19' title='bbox 571 430 718 484; x_wconf 93' lang='lat' dir='ltr'><strong>hanc</strong></span> <span class='ocrx_word' id='word_1_20' title='bbox 745 428 1206 485; x_wconf 83' lang='lat' dir='ltr'><strong>consuetudinem</strong></span> <span class='ocrx_word' id='word_1_21' title='bbox 1233 447 1270 485; x_wconf 92' lang='lat' dir='ltr'><strong>a</strong></span> <span class='ocrx_word' id='word_1_22' title='bbox 1287 429 1477 485; x_wconf 90' lang='lat' dir='ltr'><strong>soluta</strong></span> <span class='ocrx_word' id='word_1_23' title='bbox 1503 430 1753 486; x_wconf 90' lang='lat' dir='ltr'><strong>oratione</strong></span> <span class='ocrx_word' id='word_1_24' title='bbox 1773 432 1952 501; x_wconf 84' lang='lat' dir='ltr'><strong>magis</strong></span> <span class='ocrx_word' id='word_1_25' title='bbox 1974 449 2097 488; x_wconf 90' lang='lat' dir='ltr'><strong>esse</strong></span> <span class='ocrx_word' id='word_1_26' title='bbox 2118 431 2373 488; x_wconf 82' lang='lat' dir='ltr'><strong>alienam</strong></span> 
     </span>
    </p>
   </div>
   <div class='ocr_carea' id='block_1_2' title="bbox 908 643 1676 714">
    <p class='ocr_par' dir='ltr' id='par_1_2' title="bbox 908 643 1676 714">
     <span class='ocr_line' id='line_1_3' title="bbox 908 643 1676 714; baseline 0 -15"><span class='ocrx_word' id='word_1_27' title='bbox 908 643 962 699; x_wconf 85' lang='lat'><strong>4.</strong></span> <span class='ocrx_word' id='word_1_28' title='bbox 1002 643 1074 700; x_wconf 88' lang='lat' dir='ltr'><strong>de</strong></span> <span class='ocrx_word' id='word_1_29' title='bbox 1113 644 1676 714; x_wconf 78' lang='lat' dir='ltr'><strong>praepositionibus.</strong></span> 
     </span>
    </p>
   </div>
   <div class='ocr_carea' id='block_1_3' title="bbox 215 746 2374 3433">
    <p class='ocr_par' dir='ltr' id='par_1_3' title="bbox 220 746 2367 1146">
     <span class='ocr_line' id='line_1_4' title="bbox 402 746 2362 822; baseline 0.002 -19"><span class='ocrx_word' id='word_1_30' title='bbox 402 747 875 820; x_wconf 88' lang='lat' dir='ltr'><strong>Praepositionem</strong></span> <span class='ocrx_word' id='word_1_31' title='bbox 933 749 1066 818; x_wconf 86' lang='grc' dir='ltr'><strong>πρό</strong></span> <span class='ocrx_word' id='word_1_32' title='bbox 1119 746 1430 802; x_wconf 81' lang='lat' dir='ltr'>Simonides</span> <span class='ocrx_word' id='word_1_33' title='bbox 1486 747 1778 820; x_wconf 90' lang='lat' dir='ltr'><strong>improprie</strong></span> <span class='ocrx_word' id='word_1_34' title='bbox 1829 750 1888 804; x_wconf 93' lang='lat' dir='ltr'><strong>in</strong></span> <span class='ocrx_word' id='word_1_35' title='bbox 1947 749 2362 822; x_wconf 81' lang='lat' dir='ltr'><strong>comparatione</strong></span> 
     </span>
     <span class='ocr_line' id='line_1_5' title="bbox 220 827 2367 903; baseline 0.001 -17"><span class='ocrx_word' id='word_1_36' title='bbox 220 832 459 886; x_wconf 89' lang='lat' dir='ltr'><strong>duarum</strong></span> <span class='ocrx_word' id='word_1_37' title='bbox 498 846 680 884; x_wconf 91' lang='lat' dir='ltr'><strong>rerum</strong></span> <span class='ocrx_word' id='word_1_38' title='bbox 719 829 890 901; x_wconf 90' lang='lat' dir='ltr'><strong>ponit,</strong></span> <span class='ocrx_word' id='word_1_39' title='bbox 942 833 1008 884; x_wconf 91' lang='lat' dir='ltr'><strong>ut</strong></span> <span class='ocrx_word' id='word_1_40' title='bbox 1055 828 1291 884; x_wconf 90' lang='lat' dir='ltr'><strong>alteram</strong></span> <span class='ocrx_word' id='word_1_41' title='bbox 1336 827 1544 884; x_wconf 81' lang='lat' dir='ltr'><strong>indicet</strong></span> <span class='ocrx_word' id='word_1_42' title='bbox 1582 828 1742 885; x_wconf 89' lang='lat' dir='ltr'><strong>alteri</strong></span> <span class='ocrx_word' id='word_1_43' title='bbox 1781 848 1905 886; x_wconf 90' lang='lat' dir='ltr'><strong>esse</strong></span> <span class='ocrx_word' id='word_1_44' title='bbox 1944 829 2367 903; x_wconf 78' lang='lat' dir='ltr'><strong>praeferendam</strong></span> 
     </span>
     <span class='ocr_line' id='line_1_6' title="bbox 221 909 2367 986; baseline 0 -18"><span class='ocrx_word' id='word_1_45' title='bbox 221 912 454 983; x_wconf 90' lang='lat' dir='ltr'><strong>ideoque</strong></span> <span class='ocrx_word' id='word_1_46' title='bbox 494 911 612 966; x_wconf 90' lang='lat' dir='ltr'><strong>eius</strong></span> <span class='ocrx_word' id='word_1_47' title='bbox 651 909 771 966; x_wconf 94' lang='lat' dir='ltr'><strong>loco</strong></span> <span class='ocrx_word' id='word_1_48' title='bbox 811 910 1130 983; x_wconf 89' lang='lat' dir='ltr'><strong>ponendam</strong></span> <span class='ocrx_word' id='word_1_49' title='bbox 1165 910 1220 980; x_wconf 89' lang='lat'><strong>4,</strong></span> <span class='ocrx_word' id='word_1_50' title='bbox 1238 910 1272 965; x_wconf 89' lang='lat'><strong>3</strong></span> <span class='ocrx_word' id='word_1_51' title='bbox 1311 911 1419 980; x_wconf 86' lang='grc' dir='ltr'><strong>πρὸ</strong></span> <span class='ocrx_word' id='word_1_52' title='bbox 1459 913 1605 981; x_wconf 86' lang='grc' dir='ltr'><em>γόων</em></span> <span class='ocrx_word' id='word_1_53' title='bbox 1644 913 1703 966; x_wconf 82' lang='grc' dir='ltr'><strong>δὲ</strong></span> <span class='ocrx_word' id='word_1_54' title='bbox 1738 920 1967 982; x_wconf 79' lang='grc' dir='ltr'><strong>μνᾶστις,</strong></span> <span class='ocrx_word' id='word_1_55' title='bbox 2018 913 2185 969; x_wconf 90' lang='lat' dir='ltr'><strong>sicuti</strong></span> <span class='ocrx_word' id='word_1_56' title='bbox 2214 911 2367 986; x_wconf 84' lang='lat' dir='ltr'><strong>apud</strong></span> 
     </span>
     <span class='ocr_line' id='line_1_7' title="bbox 220 991 2365 1117; baseline 0.001 -69"><span class='ocrx_word' id='word_1_57' title='bbox 220 992 475 1065; x_wconf 84' lang='lat' dir='ltr'><strong>Sophocl.</strong></span> <span class='ocrx_word' id='word_1_58' title='bbox 515 991 630 1047; x_wconf 85' lang='lat' dir='ltr'><strong>0..c</strong></span> <span class='ocrx_word' id='word_1_59' title='bbox 663 992 804 1047; x_wconf 84' lang='lat'>1524</span> <span class='ocrx_word' id='word_1_60' title='bbox 854 993 962 1062; x_wconf 86' lang='grc' dir='ltr'><strong>πρὸ</strong></span> <span class='ocrx_word' id='word_1_61' title='bbox 1013 994 1226 1047; x_wconf 80' lang='grc' dir='ltr'><strong><em>πολλῶν</em></strong></span> <span class='ocrx_word' id='word_1_62' title='bbox 1277 994 1540 1062; x_wconf 79' lang='grc' dir='ltr'><em>ἀσπίδων,</em></span> <span class='ocrx_word' id='word_1_63' title='bbox 1593 991 1745 1065; x_wconf 93' lang='lat' dir='ltr'><strong>apud</strong></span> <span class='ocrx_word' id='word_1_64' title='bbox 1801 993 2107 1050; x_wconf 89' lang='lat' dir='ltr'><strong>Homerum</strong></span> <span class='ocrx_word' id='word_1_65' title='bbox 2162 994 2365 1117; x_wconf 83' lang='lat' dir='ltr'><strong>lyricos</strong></span> 
     </span>
     <span class='ocr_line' id='line_1_8' title="bbox 221 1073 1316 1146; baseline -0.001 -16"><span class='ocrx_word' id='word_1_66' title='bbox 221 1073 562 1146; x_wconf 86' lang='lat' dir='ltr'><strong>Aeschylum</strong></span> <span class='ocrx_word' id='word_1_67' title='bbox 602 1073 916 1146; x_wconf 85' lang='lat' dir='ltr'><strong>exemplum</strong></span> <span class='ocrx_word' id='word_1_68' title='bbox 958 1091 1073 1129; x_wconf 93' lang='lat' dir='ltr'><strong>non</strong></span> <span class='ocrx_word' id='word_1_69' title='bbox 1110 1074 1316 1129; x_wconf 90' lang='lat' dir='ltr'><strong>inveni.</strong></span> 
     </span>
    </p>

    <p class='ocr_par' dir='ltr' id='par_1_4' title="bbox 215 1112 2374 2046">
     <span class='ocr_line' id='line_1_9' title="bbox 398 1112 2366 1228; baseline 0.002 -18"><span class='ocrx_word' id='word_1_70' title='bbox 398 1158 494 1210; x_wconf 92' lang='grc' dir='ltr'><em>Σ</em></span> <span class='ocrx_word' id='word_1_71' title='bbox 463 1178 540 1211; x_wconf 89' lang='grc' dir='ltr'><strong>υν</strong></span> <span class='ocrx_word' id='word_1_72' title='bbox 579 1155 753 1211; x_wconf 89' lang='lat' dir='ltr'><strong>semel</strong></span> <span class='ocrx_word' id='word_1_73' title='bbox 791 1158 982 1211; x_wconf 85' lang='lat' dir='ltr'><strong>exstat</strong></span> <span class='ocrx_word' id='word_1_74' title='bbox 1019 1155 1170 1228; x_wconf 92' lang='lat' dir='ltr'><strong>apud</strong></span> <span class='ocrx_word' id='word_1_75' title='bbox 1209 1155 1548 1211; x_wconf 90' lang='lat' dir='ltr'><strong>Simonidem</strong></span> <span class='ocrx_word' id='word_1_76' title='bbox 1585 1156 1676 1227; x_wconf 91' lang='grc'><strong>40,</strong></span> <span class='ocrx_word' id='word_1_77' title='bbox 1693 1156 1742 1214; x_wconf 90' lang='grc'><strong>3.</strong></span> <span class='ocrx_word' id='word_1_78' title='bbox 1814 1157 2028 1213; x_wconf 80' lang='lat' dir='ltr'><strong>Dicitur</strong></span> <span class='ocrx_word' id='word_1_79' title='bbox 2065 1112 2259 1215; x_wconf 88' lang='lat' dir='ltr'><strong>autem</strong></span> <span class='ocrx_word' id='word_1_80' title='bbox 2296 1157 2366 1214; x_wconf 89' lang='lat' dir='ltr'><strong>de</strong></span> 
     </span>
     <span class='ocr_line' id='line_1_10' title="bbox 220 1237 2370 1312; baseline 0.001 -19"><span class='ocrx_word' id='word_1_81' title='bbox 220 1237 384 1293; x_wconf 92' lang='lat' dir='ltr'><strong>modo</strong></span> <span class='ocrx_word' id='word_1_82' title='bbox 426 1255 492 1292; x_wconf 92' lang='lat' dir='ltr'><strong>ac</strong></span> <span class='ocrx_word' id='word_1_83' title='bbox 531 1238 764 1307; x_wconf 90' lang='lat' dir='ltr'><strong>ratione,</strong></span> <span class='ocrx_word' id='word_1_84' title='bbox 806 1255 920 1310; x_wconf 92' lang='lat' dir='ltr'><strong>qua</strong></span> <span class='ocrx_word' id='word_1_85' title='bbox 958 1237 1166 1310; x_wconf 84' lang='lat' dir='ltr'><strong>aliquid</strong></span> <span class='ocrx_word' id='word_1_86' title='bbox 1192 1238 1278 1308; x_wconf 85' lang='lat' dir='ltr'><strong>fit,</strong></span> <span class='ocrx_word' id='word_1_87' title='bbox 1318 1238 1412 1294; x_wconf 89' lang='lat' dir='ltr'><strong>vel</strong></span> <span class='ocrx_word' id='word_1_88' title='bbox 1438 1237 1506 1293; x_wconf 92' lang='lat' dir='ltr'><strong>de</strong></span> <span class='ocrx_word' id='word_1_89' title='bbox 1545 1238 1626 1293; x_wconf 92' lang='lat' dir='ltr'><strong>eis</strong></span> <span class='ocrx_word' id='word_1_90' title='bbox 1664 1238 1997 1311; x_wconf 78' lang='lat' dir='ltr'><strong>actionibuS,</strong></span> <span class='ocrx_word' id='word_1_91' title='bbox 2037 1256 2183 1312; x_wconf 88' lang='lat' dir='ltr'><strong>quae</strong></span> <span class='ocrx_word' id='word_1_92' title='bbox 2208 1239 2370 1296; x_wconf 84' lang='lat' dir='ltr'><strong>verbi</strong></span> 
     </span>
     <span class='ocr_line' id='line_1_11' title="bbox 220 1321 2366 1392; baseline 0.001 -17"><span class='ocrx_word' id='word_1_93' title='bbox 220 1321 500 1375; x_wconf 85' lang='lat' dir='ltr'><strong>actionem</strong></span> <span class='ocrx_word' id='word_1_94' title='bbox 526 1322 818 1392; x_wconf 84' lang='lat' dir='ltr'><strong>tamquam</strong></span> <span class='ocrx_word' id='word_1_95' title='bbox 858 1321 1212 1390; x_wconf 88' lang='lat' dir='ltr'><strong>comitantur,</strong></span> <span class='ocrx_word' id='word_1_96' title='bbox 1254 1322 1471 1375; x_wconf 83' lang='grc' dir='ltr'><em>ἅλλοντο</em></span> <span class='ocrx_word' id='word_1_97' title='bbox 1504 1322 1644 1391; x_wconf 83' lang='grc' dir='ltr'><em>καλᾷ</em></span> <span class='ocrx_word' id='word_1_98' title='bbox 1669 1321 1764 1375; x_wconf 86' lang='grc' dir='ltr'><strong>σὺν</strong></span> <span class='ocrx_word' id='word_1_99' title='bbox 1803 1322 1975 1392; x_wconf 84' lang='grc' dir='ltr'><em>ἀοιὸᾷ.</em></span> <span class='ocrx_word' id='word_1_100' title='bbox 2033 1321 2366 1378; x_wconf 78' lang='lat' dir='ltr'><strong>Translatus</strong></span> 
     </span>
     <span class='ocr_line' id='line_1_12' title="bbox 220 1401 2364 1476; baseline 0 -19"><span class='ocrx_word' id='word_1_101' title='bbox 220 1402 314 1457; x_wconf 89' lang='lat' dir='ltr'><strong>hic</strong></span> <span class='ocrx_word' id='word_1_102' title='bbox 361 1401 789 1474; x_wconf 85' lang='lat' dir='ltr'><strong>praepositionis</strong></span> <span class='ocrx_word' id='word_1_103' title='bbox 829 1403 926 1456; x_wconf 87' lang='grc' dir='ltr'><strong>σύν</strong></span> <span class='ocrx_word' id='word_1_104' title='bbox 977 1419 1115 1456; x_wconf 89' lang='lat' dir='ltr'><strong>usus</strong></span> <span class='ocrx_word' id='word_1_105' title='bbox 1167 1402 1225 1456; x_wconf 94' lang='lat' dir='ltr'><strong>in</strong></span> <span class='ocrx_word' id='word_1_106' title='bbox 1281 1401 1433 1473; x_wconf 90' lang='lat' dir='ltr'><strong>epico</strong></span> <span class='ocrx_word' id='word_1_107' title='bbox 1486 1419 1740 1457; x_wconf 88' lang='lat' dir='ltr'><strong>sermone</strong></span> <span class='ocrx_word' id='word_1_108' title='bbox 1791 1419 1906 1457; x_wconf 91' lang='lat' dir='ltr'><strong>non</strong></span> <span class='ocrx_word' id='word_1_109' title='bbox 1957 1401 2364 1476; x_wconf 81' lang='lat' dir='ltr'><strong>frequentatur,</strong></span> 
     </span>
     <span class='ocr_line' id='line_1_13' title="bbox 221 1483 2367 1556; baseline 0 -17"><span class='ocrx_word' id='word_1_110' title='bbox 221 1502 405 1556; x_wconf 91' lang='lat' dir='ltr'><strong>neque</strong></span> <span class='ocrx_word' id='word_1_111' title='bbox 459 1484 607 1539; x_wconf 90' lang='lat' dir='ltr'><strong>enim</strong></span> <span class='ocrx_word' id='word_1_112' title='bbox 645 1483 883 1555; x_wconf 88' lang='lat' dir='ltr'><strong>amplius</strong></span> <span class='ocrx_word' id='word_1_113' title='bbox 924 1483 1033 1538; x_wconf 93' lang='lat' dir='ltr'><strong>duo</strong></span> <span class='ocrx_word' id='word_1_114' title='bbox 1073 1483 1179 1539; x_wconf 92' lang='lat' dir='ltr'><strong>loci</strong></span> <span class='ocrx_word' id='word_1_115' title='bbox 1218 1483 1408 1538; x_wconf 77' lang='lat' dir='ltr'><strong>afferri</strong></span> <span class='ocrx_word' id='word_1_116' title='bbox 1446 1486 1687 1555; x_wconf 88' lang='lat' dir='ltr'><strong>possunt</strong></span> <span class='ocrx_word' id='word_1_117' title='bbox 1722 1483 1803 1539; x_wconf 90' lang='lat' dir='ltr'><strong>hi:</strong></span> <span class='ocrx_word' id='word_1_118' title='bbox 1843 1488 1875 1547; x_wconf 84' lang='grc' dir='ltr'><em>ξ</em></span> <span class='ocrx_word' id='word_1_119' title='bbox 1906 1483 2006 1547; x_wconf 84' lang='lat'>151</span> <span class='ocrx_word' id='word_1_120' title='bbox 2050 1486 2151 1539; x_wconf 81' lang='grc' dir='ltr'><strong>οὐκ</strong></span> <span class='ocrx_word' id='word_1_121' title='bbox 2189 1487 2367 1546; x_wconf 80' lang='grc' dir='ltr'><em>αὔτως</em></span> 
     </span>
     <span class='ocr_line' id='line_1_14' title="bbox 215 1564 2366 1636; baseline 0 -15"><span class='ocrx_word' id='word_1_122' title='bbox 215 1568 538 1636; x_wconf 72' lang='grc' dir='ltr'>μυθήσομαι</span> <span class='ocrx_word' id='word_1_123' title='bbox 558 1566 687 1620; x_wconf 86' lang='grc' dir='ltr'><em>ἀλλὰ</em></span> <span class='ocrx_word' id='word_1_124' title='bbox 709 1566 804 1620; x_wconf 85' lang='grc' dir='ltr'><strong>σὺν</strong></span> <span class='ocrx_word' id='word_1_125' title='bbox 824 1567 976 1635; x_wconf 84' lang='grc' dir='ltr'><strong><em>ὅρκῳ</em></strong></span> <span class='ocrx_word' id='word_1_126' title='bbox 1003 1568 1061 1620; x_wconf 80' lang='lat' dir='ltr'><strong>et</strong></span> <span class='ocrx_word' id='word_1_127' title='bbox 1085 1564 1308 1620; x_wconf 83' lang='lat' dir='ltr'><strong>Hesiod.</strong></span> <span class='ocrx_word' id='word_1_128' title='bbox 1322 1566 1382 1620; x_wconf 78' lang='lat' dir='ltr'><strong>fr.</strong></span> <span class='ocrx_word' id='word_1_129' title='bbox 1405 1564 1526 1635; x_wconf 90' lang='lat'>134,</span> <span class='ocrx_word' id='word_1_130' title='bbox 1543 1566 1606 1620; x_wconf 94' lang='lat'><strong>11</strong></span> <span class='ocrx_word' id='word_1_131' title='bbox 1623 1566 1684 1634; x_wconf 78' lang='lat'><strong>¹⁸)</strong></span> <span class='ocrx_word' id='word_1_132' title='bbox 1713 1566 1809 1620; x_wconf 86' lang='grc' dir='ltr'><strong>σὺν</strong></span> <span class='ocrx_word' id='word_1_133' title='bbox 1834 1569 2048 1627; x_wconf 84' lang='grc' dir='ltr'><em>οἰωνοῖς</em></span> <span class='ocrx_word' id='word_1_134' title='bbox 2072 1567 2366 1636; x_wconf 79' lang='grc' dir='ltr'><em>ἀγαθοῖσιν,</em></span> 
     </span>
     <span class='ocr_line' id='line_1_15' title="bbox 221 1645 2367 1721; baseline 0 -19"><span class='ocrx_word' id='word_1_135' title='bbox 221 1647 383 1719; x_wconf 91' lang='lat' dir='ltr'><strong>plura</strong></span> <span class='ocrx_word' id='word_1_136' title='bbox 407 1649 602 1702; x_wconf 90' lang='lat' dir='ltr'><strong>tamen</strong></span> <span class='ocrx_word' id='word_1_137' title='bbox 641 1646 790 1719; x_wconf 89' lang='lat' dir='ltr'><strong>apud</strong></span> <span class='ocrx_word' id='word_1_138' title='bbox 831 1646 1104 1716; x_wconf 86' lang='lat' dir='ltr'><strong>elegiacos</strong></span> <span class='ocrx_word' id='word_1_139' title='bbox 1131 1645 1433 1701; x_wconf 87' lang='lat' dir='ltr'><strong>Pindarum</strong></span> <span class='ocrx_word' id='word_1_140' title='bbox 1458 1646 1850 1720; x_wconf 90' lang='lat' dir='ltr'><strong>Bacchylidem</strong></span> <span class='ocrx_word' id='word_1_141' title='bbox 1883 1648 2124 1717; x_wconf 82' lang='lat' dir='ltr'><strong>tragicos</strong></span> <span class='ocrx_word' id='word_1_142' title='bbox 2162 1648 2367 1721; x_wconf 89' lang='lat' dir='ltr'><strong>reperi-</strong></span> 
     </span>
     <span class='ocr_line' id='line_1_16' title="bbox 222 1728 2367 1801; baseline 0 -17"><span class='ocrx_word' id='word_1_143' title='bbox 222 1732 395 1784; x_wconf 91' lang='lat' dir='ltr'><strong>untur</strong></span> <span class='ocrx_word' id='word_1_144' title='bbox 433 1729 704 1801; x_wconf 89' lang='lat' dir='ltr'><strong>exempla,</strong></span> <span class='ocrx_word' id='word_1_145' title='bbox 745 1728 923 1784; x_wconf 89' lang='lat' dir='ltr'><strong>veluti</strong></span> <span class='ocrx_word' id='word_1_146' title='bbox 962 1728 1205 1799; x_wconf 85' lang='lat' dir='ltr'><strong>Theogn.</strong></span> <span class='ocrx_word' id='word_1_147' title='bbox 1233 1728 1344 1784; x_wconf 88' lang='lat'><strong>330</strong></span> <span class='ocrx_word' id='word_1_148' title='bbox 1382 1730 1478 1784; x_wconf 85' lang='grc' dir='ltr'><strong>σὺν</strong></span> <span class='ocrx_word' id='word_1_149' title='bbox 1516 1731 1654 1800; x_wconf 79' lang='grc' dir='ltr'><em>ἰθείῃ</em></span> <span class='ocrx_word' id='word_1_150' title='bbox 1698 1730 1817 1800; x_wconf 83' lang='grc' dir='ltr'><strong><em>δίκῃ</em></strong></span> <span class='ocrx_word' id='word_1_151' title='bbox 1857 1729 2012 1785; x_wconf 92' lang='lat' dir='ltr'><strong>Pind.</strong></span> <span class='ocrx_word' id='word_1_152' title='bbox 2038 1729 2194 1785; x_wconf 86' lang='lat' dir='ltr'><strong>Nem.</strong></span> <span class='ocrx_word' id='word_1_153' title='bbox 2208 1728 2275 1798; x_wconf 92' lang='lat' dir='ltr'><strong>V,</strong></span> <span class='ocrx_word' id='word_1_154' title='bbox 2293 1728 2367 1784; x_wconf 89' lang='lat'><strong>38</strong></span> 
     </span>
     <span class='ocr_line' id='line_1_17' title="bbox 218 1805 2374 1884; baseline 0.001 -19"><span class='ocrx_word' id='word_1_155' title='bbox 218 1812 320 1866; x_wconf 80' lang='grc' dir='ltr'><em>ἶλαι</em></span> <span class='ocrx_word' id='word_1_156' title='bbox 360 1813 454 1866; x_wconf 84' lang='grc' dir='ltr'><strong>σὺν</strong></span> <span class='ocrx_word' id='word_1_157' title='bbox 492 1813 755 1881; x_wconf 83' lang='grc' dir='ltr'><em>καλάμοιο</em></span> <span class='ocrx_word' id='word_1_158' title='bbox 780 1805 887 1882; x_wconf 87' lang='grc' dir='ltr'><strong>βοᾷ</strong></span> <span class='ocrx_word' id='word_1_159' title='bbox 912 1811 1043 1865; x_wconf 74' lang='grc' dir='ltr'><em>θεὸν</em></span> <span class='ocrx_word' id='word_1_160' title='bbox 1084 1812 1323 1865; x_wconf 81' lang='grc' dir='ltr'><em>δέκονται</em></span> <span class='ocrx_word' id='word_1_161' title='bbox 1373 1810 1634 1884; x_wconf 85' lang='lat' dir='ltr'><strong>Bacchyl.</strong></span> <span class='ocrx_word' id='word_1_162' title='bbox 1659 1810 1800 1880; x_wconf 92' lang='lat' dir='ltr'>XIII,</span> <span class='ocrx_word' id='word_1_163' title='bbox 1817 1811 1889 1866; x_wconf 88' lang='grc'><strong>66</strong></span> <span class='ocrx_word' id='word_1_164' title='bbox 1901 1811 1969 1883; x_wconf 80' lang='lat'><strong>¹⁹)</strong></span> <span class='ocrx_word' id='word_1_165' title='bbox 2010 1812 2239 1882; x_wconf 79' lang='grc' dir='ltr'><em>ἀσφαλεῖ</em></span> <span class='ocrx_word' id='word_1_166' title='bbox 2270 1811 2374 1875; x_wconf 66' lang='grc' dir='ltr'><strong>σὺν,</strong></span> 
     </span>
     <span class='ocr_line' id='line_1_18' title="bbox 223 1891 2366 1966; baseline 0 -19"><span class='ocrx_word' id='word_1_167' title='bbox 223 1897 346 1963; x_wconf 85' lang='grc' dir='ltr'><em>αἴσᾳ</em></span> <span class='ocrx_word' id='word_1_168' title='bbox 397 1892 657 1965; x_wconf 84' lang='lat' dir='ltr'><strong>Aeschyl.</strong></span> <span class='ocrx_word' id='word_1_169' title='bbox 684 1894 785 1962; x_wconf 87' lang='lat' dir='ltr'><strong>Ag.</strong></span> <span class='ocrx_word' id='word_1_170' title='bbox 814 1892 959 1948; x_wconf 81' lang='grc'>1547</span> <span class='ocrx_word' id='word_1_171' title='bbox 1000 1893 1095 1948; x_wconf 83' lang='grc' dir='ltr'><strong>σὺν</strong></span> <span class='ocrx_word' id='word_1_172' title='bbox 1123 1895 1377 1964; x_wconf 83' lang='grc' dir='ltr'><em>δακρύοις</em></span> <span class='ocrx_word' id='word_1_173' title='bbox 1434 1891 1685 1966; x_wconf 84' lang='lat' dir='ltr'><strong>Sophocl.</strong></span> <span class='ocrx_word' id='word_1_174' title='bbox 1713 1891 1792 1948; x_wconf 84' lang='lat' dir='ltr'><strong>El.</strong></span> <span class='ocrx_word' id='word_1_175' title='bbox 1819 1891 1926 1948; x_wconf 89' lang='grc'><strong>641</strong></span> <span class='ocrx_word' id='word_1_176' title='bbox 1968 1893 2064 1948; x_wconf 89' lang='grc' dir='ltr'><strong>σὺν</strong></span> <span class='ocrx_word' id='word_1_177' title='bbox 2088 1893 2288 1965; x_wconf 76' lang='grc' dir='ltr'><em>φθόνῳ</em></span> <span class='ocrx_word' id='word_1_178' title='bbox 2311 1914 2366 1948; x_wconf 84' lang='grc' dir='ltr'><strong>τε</strong></span> 
     </span>
     <span class='ocr_line' id='line_1_19' title="bbox 218 1973 1022 2046; baseline 0 -16"><span class='ocrx_word' id='word_1_179' title='bbox 218 1977 312 2030; x_wconf 58' lang='grc' dir='ltr'><em>καὶ</em></span> <span class='ocrx_word' id='word_1_180' title='bbox 349 1977 714 2046; x_wconf 83' lang='grc' dir='ltr'><em>πολυγλώσσῳ</em></span> <span class='ocrx_word' id='word_1_181' title='bbox 751 1978 858 2046; x_wconf 84' lang='grc' dir='ltr'><strong>βοῇ</strong></span> <span class='ocrx_word' id='word_1_182' title='bbox 897 1973 1022 2030; x_wconf 76' lang='lat' dir='ltr'><strong>alja.</strong></span> 
     </span>
    </p>

    <p class='ocr_par' dir='ltr' id='par_1_5' title="bbox 219 2055 2366 2863">
     <span class='ocr_line' id='line_1_20' title="bbox 401 2055 2364 2158; baseline 0.001 -48"><span class='ocrx_word' id='word_1_183' title='bbox 401 2057 703 2128; x_wconf 82' lang='lat' dir='ltr'><strong>TemporiS,</strong></span> <span class='ocrx_word' id='word_1_184' title='bbox 746 2074 843 2158; x_wconf 85' lang='lat' dir='ltr'><strong>per</strong></span> <span class='ocrx_word' id='word_1_185' title='bbox 877 2057 1026 2129; x_wconf 91' lang='lat' dir='ltr'><strong>quod</strong></span> <span class='ocrx_word' id='word_1_186' title='bbox 1063 2055 1155 2111; x_wconf 91' lang='lat' dir='ltr'><strong>vel</strong></span> <span class='ocrx_word' id='word_1_187' title='bbox 1192 2057 1344 2111; x_wconf 90' lang='lat' dir='ltr'><strong>intra</strong></span> <span class='ocrx_word' id='word_1_188' title='bbox 1382 2056 1530 2128; x_wconf 90' lang='lat' dir='ltr'><strong>quod</strong></span> <span class='ocrx_word' id='word_1_189' title='bbox 1570 2055 1779 2129; x_wconf 90' lang='lat' dir='ltr'><strong>aliquid</strong></span> <span class='ocrx_word' id='word_1_190' title='bbox 1818 2056 2036 2126; x_wconf 91' lang='lat' dir='ltr'><strong>accidit,</strong></span> <span class='ocrx_word' id='word_1_191' title='bbox 2075 2056 2364 2113; x_wconf 88' lang='lat' dir='ltr'><strong>notionem</strong></span> 
     </span>
     <span class='ocr_line' id='line_1_21' title="bbox 223 2137 2365 2212; baseline 0 -19"><span class='ocrx_word' id='word_1_192' title='bbox 223 2138 559 2212; x_wconf 88' lang='lat' dir='ltr'><strong>praepositio</strong></span> <span class='ocrx_word' id='word_1_193' title='bbox 598 2161 631 2192; x_wconf 87' lang='grc' dir='ltr'><strong><em>κ</em></strong></span> <span class='ocrx_word' id='word_1_194' title='bbox 647 2160 680 2193; x_wconf 95' lang='grc' dir='ltr'><em>α</em></span> <span class='ocrx_word' id='word_1_195' title='bbox 696 2141 771 2192; x_wconf 88' lang='grc' dir='ltr'><strong>τά</strong></span> <span class='ocrx_word' id='word_1_196' title='bbox 813 2138 1109 2194; x_wconf 90' lang='lat' dir='ltr'><strong>subiuncto</strong></span> <span class='ocrx_word' id='word_1_197' title='bbox 1138 2139 1461 2194; x_wconf 89' lang='lat' dir='ltr'><strong>accusativo</strong></span> <span class='ocrx_word' id='word_1_198' title='bbox 1492 2138 1721 2193; x_wconf 84' lang='lat' dir='ltr'><strong>exhibet</strong></span> <span class='ocrx_word' id='word_1_199' title='bbox 1745 2137 1903 2208; x_wconf 82' lang='lat' dir='ltr'><strong>frgm.</strong></span> <span class='ocrx_word' id='word_1_200' title='bbox 1931 2137 2015 2207; x_wconf 86' lang='lat'>12,</span> <span class='ocrx_word' id='word_1_201' title='bbox 2031 2138 2057 2192; x_wconf 96' lang='lat'>1</span> <span class='ocrx_word' id='word_1_202' title='bbox 2100 2141 2365 2210; x_wconf 79' lang='grc' dir='ltr'><em>χειμέριον</em></span> 
     </span>
     <span class='ocr_line' id='line_1_22' title="bbox 219 2219 2364 2293; baseline 0 -18"><span class='ocrx_word' id='word_1_203' title='bbox 219 2221 357 2275; x_wconf 81' lang='grc' dir='ltr'><em>κατὰ</em></span> <span class='ocrx_word' id='word_1_204' title='bbox 394 2227 553 2291; x_wconf 84' lang='grc' dir='ltr'><em>μῆνα.</em></span> <span class='ocrx_word' id='word_1_205' title='bbox 630 2221 817 2292; x_wconf 92' lang='lat' dir='ltr'><strong>Atque</strong></span> <span class='ocrx_word' id='word_1_206' title='bbox 870 2220 1019 2293; x_wconf 92' lang='lat' dir='ltr'><strong>apud</strong></span> <span class='ocrx_word' id='word_1_207' title='bbox 1060 2220 1363 2275; x_wconf 93' lang='lat' dir='ltr'><strong>Homerum</strong></span> <span class='ocrx_word' id='word_1_208' title='bbox 1401 2219 1820 2293; x_wconf 90' lang='lat' dir='ltr'><strong>Hesiodumque</strong></span> <span class='ocrx_word' id='word_1_209' title='bbox 1857 2222 1991 2275; x_wconf 85' lang='grc' dir='ltr'><em>κατά</em></span> <span class='ocrx_word' id='word_1_210' title='bbox 2029 2219 2103 2275; x_wconf 86' lang='lat' dir='ltr'><strong>ad</strong></span> <span class='ocrx_word' id='word_1_211' title='bbox 2140 2222 2364 2292; x_wconf 88' lang='lat' dir='ltr'><strong>tempus</strong></span> 
     </span>
     <span class='ocr_line' id='line_1_23' title="bbox 225 2300 2364 2375; baseline -0.001 -17"><span class='ocrx_word' id='word_1_212' title='bbox 225 2301 297 2359; x_wconf 88' lang='lat' dir='ltr'><strong>ne</strong></span> <span class='ocrx_word' id='word_1_213' title='bbox 336 2319 448 2357; x_wconf 92' lang='lat' dir='ltr'><strong>uno</strong></span> <span class='ocrx_word' id='word_1_214' title='bbox 484 2302 707 2374; x_wconf 92' lang='lat' dir='ltr'><strong>quidem</strong></span> <span class='ocrx_word' id='word_1_215' title='bbox 735 2303 853 2357; x_wconf 94' lang='lat' dir='ltr'><strong>loco</strong></span> <span class='ocrx_word' id='word_1_216' title='bbox 893 2301 1145 2372; x_wconf 84' lang='lat' dir='ltr'><strong>refertur,</strong></span> <span class='ocrx_word' id='word_1_217' title='bbox 1186 2303 1424 2375; x_wconf 91' lang='lat' dir='ltr'><strong>primum</strong></span> <span class='ocrx_word' id='word_1_218' title='bbox 1463 2304 1521 2357; x_wconf 92' lang='lat' dir='ltr'><strong>et</strong></span> <span class='ocrx_word' id='word_1_219' title='bbox 1559 2301 1733 2357; x_wconf 89' lang='lat' dir='ltr'><strong>semel</strong></span> <span class='ocrx_word' id='word_1_220' title='bbox 1770 2303 1827 2356; x_wconf 91' lang='lat' dir='ltr'><strong>in</strong></span> <span class='ocrx_word' id='word_1_221' title='bbox 1868 2300 2127 2372; x_wconf 83' lang='lat' dir='ltr'><strong>elegiacis</strong></span> <span class='ocrx_word' id='word_1_222' title='bbox 2165 2301 2364 2357; x_wconf 82' lang='lat' dir='ltr'><strong>carmi-</strong></span> 
     </span>
     <span class='ocr_line' id='line_1_24' title="bbox 223 2346 2362 2456; baseline -0 -17"><span class='ocrx_word' id='word_1_223' title='bbox 223 2384 392 2439; x_wconf 92' lang='lat' dir='ltr'><strong>nibus</strong></span> <span class='ocrx_word' id='word_1_224' title='bbox 432 2402 521 2456; x_wconf 92' lang='lat' dir='ltr'><strong>ap.</strong></span> <span class='ocrx_word' id='word_1_225' title='bbox 561 2384 866 2456; x_wconf 87' lang='lat' dir='ltr'><strong>Tyrtaeum</strong></span> <span class='ocrx_word' id='word_1_226' title='bbox 904 2383 1060 2454; x_wconf 84' lang='lat' dir='ltr'><strong>frgm.</strong></span> <span class='ocrx_word' id='word_1_227' title='bbox 1090 2346 1176 2455; x_wconf 89' lang='grc'><strong>12,</strong></span> <span class='ocrx_word' id='word_1_228' title='bbox 1189 2383 1260 2438; x_wconf 91' lang='grc'><strong>41</strong></span> <span class='ocrx_word' id='word_1_229' title='bbox 1302 2386 1355 2438; x_wconf 83' lang='grc' dir='ltr'><strong>οἱ</strong></span> <span class='ocrx_word' id='word_1_230' title='bbox 1392 2385 1450 2438; x_wconf 81' lang='grc' dir='ltr'><strong>δὲ</strong></span> <span class='ocrx_word' id='word_1_231' title='bbox 1487 2386 1609 2438; x_wconf 83' lang='grc' dir='ltr'><em>κατ’</em></span> <span class='ocrx_word' id='word_1_232' title='bbox 1652 2385 1812 2438; x_wconf 83' lang='grc' dir='ltr'><em>αὐτόν</em></span> <span class='ocrx_word' id='word_1_233' title='bbox 1850 2383 1884 2438; x_wconf 90' lang='lat' dir='ltr'><strong>i.</strong></span> <span class='ocrx_word' id='word_1_234' title='bbox 1919 2401 1965 2438; x_wconf 91' lang='lat' dir='ltr'><strong>e.</strong></span> <span class='ocrx_word' id='word_1_235' title='bbox 2009 2381 2362 2456; x_wconf 49' lang='lat' dir='ltr'><strong>‚‚‘ssaequales</strong></span> 
     </span>
     <span class='ocr_line' id='line_1_25' title="bbox 224 2463 2365 2538; baseline -0.001 -17"><span class='ocrx_word' id='word_1_236' title='bbox 224 2483 348 2523; x_wconf 83' lang='lat' dir='ltr'><strong>raro</strong></span> <span class='ocrx_word' id='word_1_237' title='bbox 397 2463 546 2538; x_wconf 88' lang='lat' dir='ltr'><strong>apud</strong></span> <span class='ocrx_word' id='word_1_238' title='bbox 596 2464 916 2535; x_wconf 82' lang='lat' dir='ltr'><strong>Pindarum,</strong></span> <span class='ocrx_word' id='word_1_239' title='bbox 970 2465 1062 2520; x_wconf 84' lang='lat' dir='ltr'><strong>cfr.</strong></span> <span class='ocrx_word' id='word_1_240' title='bbox 1105 2465 1183 2521; x_wconf 90' lang='lat' dir='ltr'><strong>Ol.</strong></span> <span class='ocrx_word' id='word_1_241' title='bbox 1221 2465 1290 2536; x_wconf 89' lang='lat' dir='ltr'><strong>X,</strong></span> <span class='ocrx_word' id='word_1_242' title='bbox 1307 2465 1411 2520; x_wconf 88' lang='lat'>102</span> <span class='ocrx_word' id='word_1_243' title='bbox 1462 2472 1637 2520; x_wconf 85' lang='grc' dir='ltr'><em>κεῖνον</em></span> <span class='ocrx_word' id='word_1_244' title='bbox 1686 2466 1820 2519; x_wconf 84' lang='grc' dir='ltr'><em>κατὰ</em></span> <span class='ocrx_word' id='word_1_245' title='bbox 1871 2466 2069 2535; x_wconf 87' lang='grc' dir='ltr'><em>χρόνον</em></span> <span class='ocrx_word' id='word_1_246' title='bbox 2121 2467 2181 2520; x_wconf 77' lang='lat' dir='ltr'><strong>et</strong></span> <span class='ocrx_word' id='word_1_247' title='bbox 2229 2465 2365 2519; x_wconf 82' lang='grc' dir='ltr'><em>κατὰ</em></span> 
     </span>
     <span class='ocr_line' id='line_1_26' title="bbox 219 2545 2364 2619; baseline -0 -16"><span class='ocrx_word' id='word_1_248' title='bbox 219 2549 439 2618; x_wconf 62' lang='grc' dir='ltr'><em>ἐιαιρόνε</em></span> <span class='ocrx_word' id='word_1_249' title='bbox 484 2546 674 2602; x_wconf 88' lang='lat' dir='ltr'><strong>Isthm.</strong></span> <span class='ocrx_word' id='word_1_250' title='bbox 702 2546 765 2616; x_wconf 89' lang='lat' dir='ltr'><strong>H,</strong></span> <span class='ocrx_word' id='word_1_251' title='bbox 787 2547 860 2600; x_wconf 90' lang='grc'><strong>22</strong></span> <span class='ocrx_word' id='word_1_252' title='bbox 898 2545 1055 2616; x_wconf 85' lang='lat' dir='ltr'><strong>frgm.</strong></span> <span class='ocrx_word' id='word_1_253' title='bbox 1088 2547 1248 2616; x_wconf 86' lang='lat'>123,1</span> <span class='ocrx_word' id='word_1_254' title='bbox 1299 2548 1419 2617; x_wconf 87' lang='lat'>127,</span> <span class='ocrx_word' id='word_1_255' title='bbox 1441 2547 1492 2614; x_wconf 84' lang='lat'><strong>2,</strong></span> <span class='ocrx_word' id='word_1_256' title='bbox 1534 2564 1620 2619; x_wconf 87' lang='lat' dir='ltr'><strong>ap.</strong></span> <span class='ocrx_word' id='word_1_257' title='bbox 1659 2546 2049 2619; x_wconf 90' lang='lat' dir='ltr'><strong>Bacchylidem</strong></span> <span class='ocrx_word' id='word_1_258' title='bbox 2089 2563 2202 2602; x_wconf 93' lang='lat' dir='ltr'><strong>uno</strong></span> <span class='ocrx_word' id='word_1_259' title='bbox 2242 2545 2364 2602; x_wconf 91' lang='lat' dir='ltr'><strong>loco</strong></span> 
     </span>
     <span class='ocr_line' id='line_1_27' title="bbox 222 2625 2366 2703; baseline -0.001 -18"><span class='ocrx_word' id='word_1_260' title='bbox 222 2629 370 2698; x_wconf 93' lang='lat' dir='ltr'>XIX,</span> <span class='ocrx_word' id='word_1_261' title='bbox 392 2629 464 2693; x_wconf 84' lang='grc'>26</span> <span class='ocrx_word' id='word_1_262' title='bbox 505 2631 626 2684; x_wconf 85' lang='grc' dir='ltr'><em>οὔτε</em></span> <span class='ocrx_word' id='word_1_263' title='bbox 650 2631 771 2683; x_wconf 86' lang='grc' dir='ltr'><em>κατ’</em></span> <span class='ocrx_word' id='word_1_264' title='bbox 802 2630 1087 2698; x_wconf 79' lang='grc' dir='ltr'><em>εὐφεγγέας</em></span> <span class='ocrx_word' id='word_1_265' title='bbox 1114 2632 1317 2699; x_wconf 83' lang='grc' dir='ltr'><em>ἁμέρας</em></span> <span class='ocrx_word' id='word_1_266' title='bbox 1343 2632 1463 2684; x_wconf 80' lang='grc' dir='ltr'><em>οὔτε</em></span> <span class='ocrx_word' id='word_1_267' title='bbox 1502 2631 1694 2690; x_wconf 85' lang='grc' dir='ltr'><em>νύκτας</em></span> <span class='ocrx_word' id='word_1_268' title='bbox 1720 2626 1935 2703; x_wconf 83' lang='grc' dir='ltr'><strong>ἁγ[νάς],</strong></span> <span class='ocrx_word' id='word_1_269' title='bbox 1975 2626 2175 2684; x_wconf 81' lang='lat' dir='ltr'><strong>deinde</strong></span> <span class='ocrx_word' id='word_1_270' title='bbox 2214 2625 2366 2700; x_wconf 77' lang='lat' dir='ltr'><strong>apud</strong></span> 
     </span>
     <span class='ocr_line' id='line_1_28' title="bbox 224 2708 2364 2782; baseline -0.001 -15"><span class='ocrx_word' id='word_1_271' title='bbox 224 2713 465 2782; x_wconf 86' lang='lat' dir='ltr'><strong>tragicos</strong></span> <span class='ocrx_word' id='word_1_272' title='bbox 511 2709 688 2766; x_wconf 87' lang='lat' dir='ltr'><strong>veluti</strong></span> <span class='ocrx_word' id='word_1_273' title='bbox 735 2709 990 2782; x_wconf 86' lang='lat' dir='ltr'><strong>Aeschyl.</strong></span> <span class='ocrx_word' id='word_1_274' title='bbox 1030 2710 1179 2781; x_wconf 89' lang='lat' dir='ltr'><strong>Sept.</strong></span> <span class='ocrx_word' id='word_1_275' title='bbox 1207 2710 1315 2766; x_wconf 88' lang='lat'><strong>219</strong></span> <span class='ocrx_word' id='word_1_276' title='bbox 1356 2712 1488 2782; x_wconf 81' lang='grc' dir='ltr'><em>ἐμὸν</em></span> <span class='ocrx_word' id='word_1_277' title='bbox 1540 2714 1655 2765; x_wconf 84' lang='grc' dir='ltr'><em>κατ’</em></span> <span class='ocrx_word' id='word_1_278' title='bbox 1696 2713 1867 2765; x_wconf 78' lang='grc' dir='ltr'><em>αἰῶνα</em></span> <span class='ocrx_word' id='word_1_279' title='bbox 1921 2709 2054 2765; x_wconf 81' lang='lat' dir='ltr'><strong>alibi</strong></span> <span class='ocrx_word' id='word_1_280' title='bbox 2111 2708 2364 2781; x_wconf 87' lang='lat' dir='ltr'><strong>Sophocl.</strong></span> 
     </span>
     <span class='ocr_line' id='line_1_29' title="bbox 226 2790 1053 2863; baseline -0.004 -15"><span class='ocrx_word' id='word_1_281' title='bbox 226 2793 364 2848; x_wconf 89' lang='lat' dir='ltr'><strong>Phil.</strong></span> <span class='ocrx_word' id='word_1_282' title='bbox 391 2793 501 2849; x_wconf 84' lang='lat'><strong>247</strong></span> <span class='ocrx_word' id='word_1_283' title='bbox 540 2796 655 2848; x_wconf 83' lang='grc' dir='ltr'><em>κατ’</em></span> <span class='ocrx_word' id='word_1_284' title='bbox 697 2794 868 2863; x_wconf 86' lang='grc' dir='ltr'><em>ἀρχήν</em></span> <span class='ocrx_word' id='word_1_285' title='bbox 907 2790 1053 2846; x_wconf 79' lang='lat' dir='ltr'><strong>alibi.</strong></span> 
     </span>
    </p>

    <p class='ocr_par' dir='ltr' id='par_1_6' title="bbox 226 2871 2365 3433">
     <span class='ocr_line' id='line_1_30' title="bbox 404 2871 2362 2946; baseline -0.001 -16"><span class='ocrx_word' id='word_1_286' title='bbox 404 2875 467 2930; x_wconf 95' lang='lat' dir='ltr'><strong>In</strong></span> <span class='ocrx_word' id='word_1_287' title='bbox 505 2874 821 2945; x_wconf 79' lang='lat' dir='ltr'><strong>fragmento</strong></span> <span class='ocrx_word' id='word_1_288' title='bbox 844 2872 931 2942; x_wconf 90' lang='lat'><strong>14,</strong></span> <span class='ocrx_word' id='word_1_289' title='bbox 971 2872 1068 2928; x_wconf 90' lang='lat' dir='ltr'><strong>ubi</strong></span> <span class='ocrx_word' id='word_1_290' title='bbox 1093 2871 1354 2943; x_wconf 86' lang='lat' dir='ltr'><strong>leguntur</strong></span> <span class='ocrx_word' id='word_1_291' title='bbox 1379 2874 1519 2930; x_wconf 88' lang='lat' dir='ltr'><strong>haec</strong></span> <span class='ocrx_word' id='word_1_292' title='bbox 1555 2881 1684 2937; x_wconf 83' lang='grc' dir='ltr'><em>πῖνε,</em></span> <span class='ocrx_word' id='word_1_293' title='bbox 1710 2877 1815 2928; x_wconf 83' lang='grc' dir='ltr'><em>πῖν’</em></span> <span class='ocrx_word' id='word_1_294' title='bbox 1844 2873 2007 2946; x_wconf 64' lang='lat'><strong>371220)</strong></span> <span class='ocrx_word' id='word_1_295' title='bbox 2042 2879 2362 2944; x_wconf 82' lang='grc' dir='ltr'><em>συμφοραῖς,</em></span> 
     </span>
     <span class='ocr_line' id='line_1_31' title="bbox 226 2952 2365 3029; baseline -0.001 -17"><span class='ocrx_word' id='word_1_296' title='bbox 226 2957 533 3029; x_wconf 88' lang='lat' dir='ltr'><strong>particulae</strong></span> <span class='ocrx_word' id='word_1_297' title='bbox 592 2959 705 3012; x_wconf 80' lang='grc' dir='ltr'><strong>ἐπί</strong></span> <span class='ocrx_word' id='word_1_298' title='bbox 757 2955 955 3011; x_wconf 87' lang='lat' dir='ltr'><strong>subest</strong></span> <span class='ocrx_word' id='word_1_299' title='bbox 1008 2954 1249 3009; x_wconf 87' lang='lat' dir='ltr'><strong>causalis</strong></span> <span class='ocrx_word' id='word_1_300' title='bbox 1300 2956 1402 3024; x_wconf 85' lang='lat' dir='ltr'><strong>vis,</strong></span> <span class='ocrx_word' id='word_1_301' title='bbox 1457 2973 1602 3029; x_wconf 89' lang='lat' dir='ltr'><strong>quae</strong></span> <span class='ocrx_word' id='word_1_302' title='bbox 1652 2955 1918 3027; x_wconf 88' lang='lat' dir='ltr'><strong>imprimis</strong></span> <span class='ocrx_word' id='word_1_303' title='bbox 1958 2953 2255 3010; x_wconf 87' lang='lat' dir='ltr'><strong>adhibetur</strong></span> <span class='ocrx_word' id='word_1_304' title='bbox 2291 2952 2365 3010; x_wconf 88' lang='lat' dir='ltr'><strong>ad</strong></span> 
     </span>
     <span class='ocr_line' id='line_1_32' title="bbox 227 3034 2364 3107; baseline -0 -15"><span class='ocrx_word' id='word_1_305' title='bbox 227 3039 470 3094; x_wconf 82' lang='lat' dir='ltr'><strong>affectus</strong></span> <span class='ocrx_word' id='word_1_306' title='bbox 523 3038 696 3094; x_wconf 89' lang='lat' dir='ltr'><strong>animi</strong></span> <span class='ocrx_word' id='word_1_307' title='bbox 746 3054 977 3094; x_wconf 88' lang='lat' dir='ltr'><strong>causam</strong></span> <span class='ocrx_word' id='word_1_308' title='bbox 1023 3034 1413 3092; x_wconf 87' lang='lat' dir='ltr'><strong>denotandam.</strong></span> <span class='ocrx_word' id='word_1_309' title='bbox 1490 3039 1671 3093; x_wconf 85' lang='grc' dir='ltr'><em>Πίνειν</em></span> <span class='ocrx_word' id='word_1_310' title='bbox 1722 3037 1891 3107; x_wconf 83' lang='lat' dir='ltr'><strong>igitur</strong></span> <span class='ocrx_word' id='word_1_311' title='bbox 1941 3036 2237 3092; x_wconf 88' lang='lat' dir='ltr'><strong>verborum</strong></span> <span class='ocrx_word' id='word_1_312' title='bbox 2278 3034 2364 3091; x_wconf 79' lang='lat' dir='ltr'><strong>af-</strong></span> 
     </span>
     <span class='ocr_line' id='line_1_33' title="bbox 229 3118 2365 3191; baseline -0.001 -17"><span class='ocrx_word' id='word_1_313' title='bbox 229 3119 477 3175; x_wconf 84' lang='lat' dir='ltr'><strong>fectuum</strong></span> <span class='ocrx_word' id='word_1_314' title='bbox 524 3120 670 3176; x_wconf 94' lang='lat' dir='ltr'><strong>sicut</strong></span> <span class='ocrx_word' id='word_1_315' title='bbox 717 3121 916 3191; x_wconf 76' lang='grc' dir='ltr'><em>ἥδομαι</em></span> <span class='ocrx_word' id='word_1_316' title='bbox 969 3119 1210 3189; x_wconf 77' lang='grc' dir='ltr'><em>ἄχθομαι</em></span> <span class='ocrx_word' id='word_1_317' title='bbox 1262 3136 1331 3172; x_wconf 84' lang='lat' dir='ltr'><strong>ex</strong></span> <span class='ocrx_word' id='word_1_318' title='bbox 1383 3119 1646 3189; x_wconf 85' lang='lat' dir='ltr'><strong>analogia</strong></span> <span class='ocrx_word' id='word_1_319' title='bbox 1694 3118 1842 3174; x_wconf 90' lang='lat' dir='ltr'><strong>hanc</strong></span> <span class='ocrx_word' id='word_1_320' title='bbox 1895 3118 2365 3191; x_wconf 86' lang='lat' dir='ltr'><strong>praepositionem</strong></span> 
     </span>
     <span class='ocr_line' id='line_1_34' title="bbox 230 3197 2365 3275; baseline 0 -21"><span class='ocrx_word' id='word_1_321' title='bbox 230 3200 493 3272; x_wconf 85' lang='lat' dir='ltr'><strong>adscivit3</strong></span> <span class='ocrx_word' id='word_1_322' title='bbox 534 3202 736 3258; x_wconf 86' lang='lat' dir='ltr'><strong>similia</strong></span> <span class='ocrx_word' id='word_1_323' title='bbox 774 3203 967 3257; x_wconf 91' lang='lat' dir='ltr'><strong>autem</strong></span> <span class='ocrx_word' id='word_1_324' title='bbox 993 3198 1352 3255; x_wconf 84' lang='lat' dir='ltr'><strong>conferantur</strong></span> <span class='ocrx_word' id='word_1_325' title='bbox 1378 3217 1463 3271; x_wconf 91' lang='lat' dir='ltr'><strong>ap.</strong></span> <span class='ocrx_word' id='word_1_326' title='bbox 1491 3201 1646 3256; x_wconf 88' lang='lat' dir='ltr'><strong>Pind.</strong></span> <span class='ocrx_word' id='word_1_327' title='bbox 1673 3200 1753 3257; x_wconf 89' lang='lat'><strong>01.</strong></span> <span class='ocrx_word' id='word_1_328' title='bbox 1781 3199 2010 3271; x_wconf 86' lang='lat' dir='ltr'>XIV,16</span> <span class='ocrx_word' id='word_1_329' title='bbox 2038 3197 2146 3275; x_wconf 77' lang='lat'>[14]</span> <span class='ocrx_word' id='word_1_330' title='bbox 2170 3206 2365 3269; x_wconf 76' lang='grc' dir='ltr'><em>κῶμον</em></span> 
     </span>
     <span class='ocr_line' id='line_1_35' title="bbox 229 3278 2364 3355; baseline 0 -21"><span class='ocrx_word' id='word_1_331' title='bbox 229 3284 311 3334; x_wconf 76' lang='grc' dir='ltr'><strong>ἐπ’</strong></span> <span class='ocrx_word' id='word_1_332' title='bbox 340 3286 547 3353; x_wconf 84' lang='grc' dir='ltr'><em>εὐμενεῖ</em></span> <span class='ocrx_word' id='word_1_333' title='bbox 565 3287 698 3355; x_wconf 83' lang='grc' dir='ltr'><em>τύχᾳ</em></span> <span class='ocrx_word' id='word_1_334' title='bbox 724 3290 907 3354; x_wconf 83' lang='grc' dir='ltr'><em>κοῦφα</em></span> <span class='ocrx_word' id='word_1_335' title='bbox 932 3284 1166 3354; x_wconf 76' lang='grc' dir='ltr'><em>βιβῶντα</em></span> <span class='ocrx_word' id='word_1_336' title='bbox 1212 3278 1393 3352; x_wconf 83' lang='lat' dir='ltr'><strong>Eurip.</strong></span> <span class='ocrx_word' id='word_1_337' title='bbox 1421 3282 1533 3337; x_wconf 86' lang='lat' dir='ltr'><strong>Alc.</strong></span> <span class='ocrx_word' id='word_1_338' title='bbox 1560 3282 1701 3338; x_wconf 87' lang='grc'>1056</span> <span class='ocrx_word' id='word_1_339' title='bbox 1718 3284 1780 3351; x_wconf 74' lang='lat'><strong>²¹)</strong></span> <span class='ocrx_word' id='word_1_340' title='bbox 1820 3283 2020 3354; x_wconf 87' lang='grc' dir='ltr'><em>χοροὺς</em></span> <span class='ocrx_word' id='word_1_341' title='bbox 2043 3283 2125 3336; x_wconf 68' lang='grc' dir='ltr'><strong>ἐπ’</strong></span> <span class='ocrx_word' id='word_1_342' title='bbox 2152 3281 2364 3340; x_wconf 74' lang='grc' dir='ltr'><em>ἐσθλοῖς</em></span> 
     </span>
     <span class='ocr_line' id='line_1_36' title="bbox 233 3367 832 3433; baseline 0.01 -19"><span class='ocrx_word' id='word_1_343' title='bbox 233 3372 583 3433; x_wconf 82' lang='grc' dir='ltr'><em>συμφοραῖσιν</em></span> <span class='ocrx_word' id='word_1_344' title='bbox 622 3367 832 3421; x_wconf 81' lang='grc' dir='ltr'><em>ἱστάναι.</em></span> 
     </span>
    </p>
   </div>
   <div class='ocr_carea' id='block_1_4' title="bbox 410 3441 2361 3519">
    <p class='ocr_par' dir='ltr' id='par_1_7' title="bbox 410 3441 2361 3519">
     <span class='ocr_line' id='line_1_37' title="bbox 410 3441 2361 3519; baseline -0.001 -21"><span class='ocrx_word' id='word_1_345' title='bbox 410 3447 473 3498; x_wconf 90' lang='grc' dir='ltr'><strong><em>Π</em></strong></span> <span class='ocrx_word' id='word_1_346' title='bbox 479 3468 512 3499; x_wconf 91' lang='grc' dir='ltr'><em>α</em></span> <span class='ocrx_word' id='word_1_347' title='bbox 529 3468 560 3516; x_wconf 86' lang='grc' dir='ltr'><em>ρ</em></span> <span class='ocrx_word' id='word_1_348' title='bbox 576 3450 609 3500; x_wconf 90' lang='grc' dir='ltr'><em>ά</em></span> <span class='ocrx_word' id='word_1_349' title='bbox 649 3445 923 3519; x_wconf 86' lang='lat' dir='ltr'><strong>particula</strong></span> <span class='ocrx_word' id='word_1_350' title='bbox 949 3442 1165 3501; x_wconf 89' lang='lat' dir='ltr'><strong>accedit</strong></span> <span class='ocrx_word' id='word_1_351' title='bbox 1202 3442 1273 3498; x_wconf 88' lang='lat' dir='ltr'><strong>ad</strong></span> <span class='ocrx_word' id='word_1_352' title='bbox 1301 3460 1476 3512; x_wconf 86' lang='lat' dir='ltr'><strong>genus</strong></span> <span class='ocrx_word' id='word_1_353' title='bbox 1504 3447 1809 3517; x_wconf 88' lang='lat' dir='ltr'><strong>passivum,</strong></span> <span class='ocrx_word' id='word_1_354' title='bbox 1852 3444 2016 3500; x_wconf 86' lang='lat' dir='ltr'><strong>sicuti</strong></span> <span class='ocrx_word' id='word_1_355' title='bbox 2040 3441 2209 3513; x_wconf 84' lang='lat' dir='ltr'><strong>vulgo</strong></span> <span class='ocrx_word' id='word_1_356' title='bbox 2236 3443 2361 3514; x_wconf 80' lang='grc' dir='ltr'>ὑπό,</span> 
     </span>
    </p>
   </div>
   <div class='ocr_carea' id='block_1_5' title="bbox 238 3542 584 3559">
    <p class='ocr_par' dir='ltr' id='par_1_8' title="bbox 238 3542 584 3559">
     <span class='ocr_line' id='line_1_38' title="bbox 238 3542 584 3559; baseline 0 587"><span class='ocrx_word' id='word_1_357' title='bbox 238 3542 584 3559; x_wconf 95' lang='lat' dir='ltr'><strong> </strong></span> 
     </span>
    </p>
   </div>
   <div class='ocr_carea' id='block_1_6' title="bbox 413 3560 968 3710">
    <p class='ocr_par' dir='ltr' id='par_1_9' title="bbox 413 3560 968 3710">
     <span class='ocr_line' id='line_1_39' title="bbox 413 3560 924 3645; baseline 0.008 -9"><span class='ocrx_word' id='word_1_358' title='bbox 413 3593 461 3645; x_wconf 75' lang='lat'><strong>¹⁸)</strong></span> <span class='ocrx_word' id='word_1_359' title='bbox 495 3594 566 3637; x_wconf 87' lang='lat' dir='ltr'><strong>ed.</strong></span> <span class='ocrx_word' id='word_1_360' title='bbox 598 3560 761 3638; x_wconf 72' lang='lat' dir='ltr'><strong>Rzach</strong></span> <span class='ocrx_word' id='word_1_361' title='bbox 797 3594 924 3640; x_wconf 87' lang='grc'>1902.</span> 
     </span>
     <span class='ocr_line' id='line_1_40' title="bbox 416 3656 968 3710; baseline 0.011 -10"><span class='ocrx_word' id='word_1_362' title='bbox 416 3656 463 3710; x_wconf 80' lang='lat'><strong>¹⁹)</strong></span> <span class='ocrx_word' id='word_1_363' title='bbox 496 3658 545 3701; x_wconf 82' lang='lat' dir='ltr'><strong>it.</strong></span> <span class='ocrx_word' id='word_1_364' title='bbox 578 3659 648 3703; x_wconf 88' lang='lat' dir='ltr'><strong>ed.</strong></span> <span class='ocrx_word' id='word_1_365' title='bbox 680 3658 816 3703; x_wconf 81' lang='lat' dir='ltr'><strong>Blass</strong></span> <span class='ocrx_word' id='word_1_366' title='bbox 842 3661 968 3706; x_wconf 78' lang='lat'>1899.</span> 
     </span>
    </p>
   </div>
   <div class='ocr_carea' id='block_1_7' title="bbox 414 3721 2259 3840">
    <p class='ocr_par' dir='ltr' id='par_1_10' title="bbox 414 3721 2259 3840">
     <span class='ocr_line' id='line_1_41' title="bbox 414 3721 2259 3786; baseline -0.002 -11"><span class='ocrx_word' id='word_1_367' title='bbox 414 3721 465 3775; x_wconf 73' lang='lat'><strong>⁹⁰)</strong></span> <span class='ocrx_word' id='word_1_368' title='bbox 498 3735 591 3769; x_wconf 79' lang='lat' dir='ltr'><strong>var.</strong></span> <span class='ocrx_word' id='word_1_369' title='bbox 624 3724 730 3768; x_wconf 81' lang='lat' dir='ltr'><strong>lect.</strong></span> <span class='ocrx_word' id='word_1_370' title='bbox 763 3721 809 3766; x_wconf 79' lang='grc' dir='ltr'><strong>ἐν</strong></span> <span class='ocrx_word' id='word_1_371' title='bbox 838 3739 867 3770; x_wconf 75' lang='lat' dir='ltr'><strong>a</strong></span> <span class='ocrx_word' id='word_1_372' title='bbox 899 3724 1252 3773; x_wconf 83' lang='lat' dir='ltr'><strong>Schneidewino</strong></span> <span class='ocrx_word' id='word_1_373' title='bbox 1285 3723 1528 3770; x_wconf 74' lang='lat' dir='ltr'><strong>defensam</strong></span> <span class='ocrx_word' id='word_1_374' title='bbox 1553 3726 1788 3786; x_wconf 81' lang='lat' dir='ltr'><strong>Bergkius</strong></span> <span class='ocrx_word' id='word_1_375' title='bbox 1817 3722 2048 3771; x_wconf 68' lang='lat' dir='ltr'><strong>refutavit</strong></span> <span class='ocrx_word' id='word_1_376' title='bbox 2078 3722 2140 3769; x_wconf 82' lang='lat' dir='ltr'><strong>ad</strong></span> <span class='ocrx_word' id='word_1_377' title='bbox 2161 3723 2259 3779; x_wconf 81' lang='lat' dir='ltr'><strong>loc.</strong></span> 
     </span>
     <span class='ocr_line' id='line_1_42' title="bbox 415 3786 924 3840; baseline 0.012 -9"><span class='ocrx_word' id='word_1_378' title='bbox 415 3786 467 3840; x_wconf 76' lang='lat'><strong>⁹¹)</strong></span> <span class='ocrx_word' id='word_1_379' title='bbox 499 3788 567 3831; x_wconf 87' lang='lat' dir='ltr'><strong>ed.</strong></span> <span class='ocrx_word' id='word_1_380' title='bbox 601 3788 763 3833; x_wconf 81' lang='lat' dir='ltr'><strong>Nauck</strong></span> <span class='ocrx_word' id='word_1_381' title='bbox 799 3790 924 3837; x_wconf 79' lang='lat'><strong>1876.</strong></span> 
     </span>
    </p>
   </div>
  </div>
 </body>
</html>
