2450 4146
1139 205 1509 260 ...34-

257 361 473 414 κυάνεαι
512 357 726 410 σύνοδοι
770 355 1044 412 θαλάσσας
1114 350 1235 406 Hel.
1264 351 1365 407 179
1404 354 1709 412 κυανοειδὲς
1746 354 1873 423 ἀμφ’
1920 354 2073 421 ὕδωρ
2132 354 2191 406 et
2241 351 2392 423 apud

261 436 647 509 Bacchylidem
673 434 789 502 XII,
812 433 918 489 124
956 436 1012 487 ἐν
1049 434 1346 487 κυανανθέϊ
1376 478 1387 490 .
1421 478 1432 489 .
1468 477 1479 489 .
1511 435 1694 503 πόντῳ
1731 432 1819 504 (de
1867 434 2009 488 mari
2053 435 2393 505 tempestate

260 522 507 590 agitato).

432 599 790 669 μελιαδής.
861 595 926 650 fr.
959 596 1100 664 41,2
1136 597 1386 665 μελιαδέα
1425 602 1606 665 γᾶρυν.
1682 596 1800 652 Iam
1838 596 1897 651 in
1937 598 2104 651 heroo
2146 596 2390 652 carmine

259 700 372 737 non
411 681 592 735 solum
618 678 834 750 proprio
875 694 1048 732 sensu
1075 676 1143 731 de
1183 694 1383 749 sapore
1411 676 1625 746 dicitur,
1666 695 1862 733 verum
1900 678 2071 733 etiam
2097 675 2390 746 translate,

259 764 335 818 sic
374 762 441 816 de
480 777 675 815 somno
713 781 741 813 τ
767 759 893 827 551,
942 757 1009 813 de
1050 760 1171 813 vita
1209 759 1272 812 K
1286 758 1397 813 495
1436 760 1490 813 P
1513 759 1579 814 17
1617 760 1648 813 λ
1673 759 1800 829 203,
1853 758 1922 815 de
1959 757 2141 813 reditu
2191 758 2251 813 in
2288 775 2392 830 pa-

258 844 421 899 triam
458 844 488 896 λ
519 841 638 910 100,
678 839 746 896 de
786 839 941 895 vocis
981 838 1269 895 dulcedine
1310 857 1606 912 nusquam,
1653 857 1758 895 nec
1796 843 1990 896 tamen
2026 839 2175 895 hanc
2210 842 2394 895 meta-

258 925 488 997 phoram
539 922 782 977 alienam
820 921 997 976 fuisse
1049 921 1122 976 ab
1176 922 1329 993 epico
1381 938 1634 976 sermone
1682 920 1944 977 discimus
1996 938 2066 976 ex
2116 919 2393 976 adjectivo

256 1008 559 1077 μελίγηρυςε
577 1026 621 1075 μ
640 1004 742 1059 187
762 1005 1047 1075 μελίγηρυν
1074 1044 1086 1057 .
1108 1044 1119 1057 .
1141 1045 1152 1058 .
1181 1005 1284 1067 ὄπ’,
1318 1003 1370 1057 h.
1399 1002 1701 1075 Apoll.5l9
1739 1002 1791 1057 h.
1808 1001 2002 1072 XVIII,
2022 1004 2091 1059 18
2107 1004 2395 1073 μελίγηρυν

258 1089 460 1158 ἀοιδήν,
514 1086 608 1141 cfr.
648 1085 898 1141 Alcman.
938 1084 1002 1140 fr.
1037 1085 1183 1154 26,1
1223 1087 1542 1155 παρθενικαὶ
1591 1086 1901 1155 μελιγάρυες
1954 1086 2286 1155 ῖμερόφωνοι
2337 1086 2397 1140 et

258 1167 432 1224 addas
470 1170 774 1239 μελίφωνος
813 1166 1124 1240 epithetum
1165 1166 1504 1239 Sapphicum
1542 1166 1720 1238 (frgm.
1753 1165 1879 1239 129)
1917 1165 2044 1222 alia.
2449 1191 2450 1194 ¹

436 1251 712 1313 ξανθός.
769 1248 834 1304 fr.
859 1247 950 1316 47,
966 1249 1002 1304 2
1029 1250 1232 1312 ξανθὸν
1256 1250 1385 1318 μέλι.
1445 1250 1593 1303 Ante
1621 1246 1961 1303 Simonidem
1987 1265 2102 1303 non
2125 1245 2397 1303 traditum

258 1335 347 1388 est
384 1332 493 1387 nisi
532 1330 714 1403 capilli
754 1330 1091 1386 attributum
1129 1330 1220 1385 vel
1260 1330 1431 1384 etiam
1469 1330 1712 1384 virorum
1739 1328 2147 1385 feminarumve
2172 1331 2397 1401 propter

258 1413 458 1486 capilli,
513 1430 782 1485 equorum
833 1414 1057 1484 propter
1105 1411 1273 1467 iubae
1327 1411 1584 1477 colorem,
1637 1410 1732 1466 cfr.
1786 1410 2045 1467 Eustath.
2097 1410 2184 1466 ad.
2234 1409 2396 1468 Hom.

257 1496 384 1565 423,
406 1495 478 1551 27
517 1498 729 1555 ἔπαινος
770 1495 828 1548 δὲ
865 1495 1040 1565 κόμης
1064 1494 1211 1563 παρὰ
1237 1500 1345 1554 τοῖς
1369 1495 1610 1553 παλαιοῖς
1634 1494 1694 1547 τὸ
1722 1494 1940 1555 ξανθόν.
2004 1492 2097 1548 Sic
2128 1507 2396 1564 persaepe

259 1576 409 1649 apud
446 1577 765 1645 Homerum,
816 1574 1014 1630 deinde
1054 1575 1318 1630 Thebaid.
1353 1575 1412 1631 fr.
1440 1576 1538 1643 2,1
1570 1575 1640 1646 (p.
1669 1577 1739 1629 11
1769 1574 1858 1642 Κ.)
1897 1574 2028 1630 Hes,
2054 1573 2258 1644 Theog.
2285 1573 2397 1631 947

258 1661 319 1716 fr.
346 1658 488 1727 93,7
538 1658 713 1725 110,5
766 1657 1010 1726 Theogn.
1053 1657 1164 1711 828
1192 1699 1204 1711 .
1236 1657 1378 1713 1291
1432 1656 1759 1724 Anacr.1,2
1811 1657 1949 1726 21,1
1991 1658 2225 1728 excepto
2282 1672 2396 1711 uno

259 1740 379 1796 loco
419 1739 572 1813 Ibyci
609 1738 673 1795 fr.
700 1739 736 1793 8
773 1740 1067 1793 πετάλοισιν
1119 1741 1197 1793 ἐπ’
1245 1740 1576 1808 ἀκροτάτοισι
1627 1740 1883 1801 ξανθοῖσι,
1936 1737 2035 1792 ubi
2083 1739 2277 1794 tamen
2329 1735 2398 1792 de

258 1822 511 1878 lectionis
550 1820 841 1876 dubitatur
877 1821 1211 1890 integritate.
1290 1819 1602 1875 Simonides
1636 1819 1770 1874 dicit
1807 1821 2010 1882 ξανθὸν
2044 1820 2165 1890 μέλι
2202 1822 2399 1875 contra

261 1904 541 1976 epicorum
579 1920 765 1971 usum;
817 1902 1136 1957 invenimus
1189 1901 1338 1957 enim
1385 1901 1534 1974 apud
1572 1902 1675 1957 hos
1715 1901 1895 1957 mellis
1947 1900 2184 1957 colorem
2221 1900 2396 1971 signi-

258 1986 493 2041 ficatum
522 1983 797 2040 adjectivo
836 1985 1063 2054 χλωρός,
1104 1982 1197 2039 cfr.
1223 1985 1276 2038 A
1302 1983 1407 2039 631
1449 2006 1485 2038 κ
1510 1984 1622 2039 234
1672 1983 1724 2038 h.
1754 1982 1914 2039 Merc.
1941 1983 2068 2053 560,
2106 1983 2242 2039 item
2279 1984 2398 2053 μέλι

259 2069 473 2139 χλωρόν
512 2065 646 2121 dicit
683 2065 1032 2121 Stesichorus
1071 2064 1134 2120 fr.
1162 2066 1212 2134 2,
1230 2066 1278 2120 2.

436 2151 511 2203 πί
521 2169 742 2207 συνος.
806 2148 866 2202 fr.
894 2148 1031 2216 57,1
1073 2148 1186 2218 νόῳ
1223 2151 1455 2208 πίσυνος.
1513 2146 1669 2203 Haec
1707 2165 1821 2202 vox
1860 2148 2026 2203 sicuti
2061 2164 2256 2203 omnes
2282 2155 2396 2203 ter-

260 2231 568 2287 minatione
619 2232 773 2300 -σύνη
821 2230 1067 2298 insignes
1119 2229 1238 2284 Iadi
1289 2232 1379 2284 est
1415 2230 1652 2302 propria,
1705 2230 1796 2285 cfr.
1836 2228 2096 2285 Herodot.
2134 2229 2175 2297 Ι,
2197 2228 2271 2285 66
2291 2270 2303 2283 .
2322 2227 2396 2285 73

259 2313 321 2383 Π,
345 2312 450 2368 141
491 2311 560 2381 V,
582 2311 654 2367 92
694 2311 809 2381 V11,
832 2312 903 2365 10
926 2354 936 2366 .
957 2312 1029 2366 85
1077 2311 1218 2382 VIII,
1247 2311 1369 2383 143,
1421 2310 1624 2381 legitur
1677 2310 1829 2385 apud
1888 2311 2074 2383 epicos
2124 2310 2395 2380 elegiacos

260 2393 486 2450 melicos
526 2393 774 2449 scenicos
812 2395 1023 2464 poetas,
1062 2394 1119 2447 in
1154 2410 1321 2465 prosa
1347 2394 1537 2448 Attica
1573 2410 1688 2449 non
1726 2393 1835 2448 nisi
1873 2396 1960 2448 ter
1997 2391 2149 2466 apud
2174 2392 2399 2466 Thucy-

263 2474 447 2532 didem
484 2474 550 2545 II,
566 2475 638 2531 89
679 2473 745 2543 V,
767 2474 836 2528 14
875 2474 966 2542 VI,
982 2475 1031 2529 2.
1085 2474 1342 2541 Ceterum
1369 2474 1627 2530 conferas
1654 2492 1738 2544 ea,
1767 2492 1912 2547 quae
1938 2473 2008 2530 de
2034 2475 2156 2530 eius
2180 2474 2394 2547 generis

262 2557 553 2613 vocabulis
593 2556 953 2629 exposuimus
993 2574 1041 2627 p.
1070 2557 1137 2610 21
1164 2575 1241 2628 sq.

441 2640 792 2708 σιδάρεος.
863 2637 926 2692 fr.
960 2637 1059 2706 8,3
1100 2640 1345 2708 σιδάρεον
1390 2641 1696 2710 Ἀλκμήνας
1732 2641 1899 2699 τέκος.
1975 2638 2094 2694 Iam
2131 2637 2191 2693 in
2230 2636 2394 2711 epicis

264 2720 602 2777 carminibus
628 2719 921 2792 improprie
942 2723 1264 2790 usurpatur3
1305 2720 1451 2775 duae
1478 2724 1670 2776 autem
1698 2723 1834 2775 sunt
1859 2720 2133 2789 notiones,
2164 2735 2395 2792 quarum

265 2803 501 2858 alteram
540 2801 923 2871 cognoscimus
963 2799 1139 2855 veluti
1180 2819 1248 2855 ex
1284 2802 1567 2875 Odysseae
1605 2801 1725 2858 loco
1765 2824 1790 2857 ε
1829 2801 1928 2857 191
1972 2803 2101 2857 οὐδέ
2135 2822 2229 2872 μοι
2266 2802 2393 2872 αὐτῇ

264 2886 445 2955 θυμὸς
483 2885 558 2939 ἐνὶ
595 2885 842 2955 στήθεσσι
881 2884 1138 2952 σιδήρεος,
1192 2884 1306 2936 ἀλλ’
1350 2886 1606 2955 ἐλεήμων,
1659 2887 1746 2939 est
1785 2884 1955 2954 igitur
2005 2881 2378 2954 „inflexibilie‘

266 2968 531 3039 ,,νηλεής“,
572 2965 707 3020 item
746 2966 808 3019 X
829 2964 938 3020 357
976 2966 1021 3033 ψ
1052 2963 1156 3019 172
1197 2965 1420 3036 (θυμός)
1462 2967 1516 3020 Ω
1540 2966 1649 3022 205
1671 3011 1683 3023 .
1703 2966 1808 3021 521
1851 2965 2021 3037 (ἦτορ)
2061 2966 2094 3020 δ
2120 2964 2229 3020 293
2267 2963 2391 3020 Hes

267 3047 472 3118 Theog.
498 3047 609 3103 764
649 3045 900 3119 (κραδίη),
941 3045 1177 3100 alteram
1217 3062 1246 3098 e
1285 3067 1326 3114 μ
1353 3048 1462 3102 280
1501 3050 1630 3103 οὐδέ
1667 3069 1710 3102 τι
1748 3054 1868 3118 γυῖα
1906 3049 2124 3117 κάμνεις
2143 3065 2154 3076 ·
2178 3047 2211 3117 ἦ
2238 3049 2308 3116 ῥά
2334 3067 2388 3102 n

268 3132 353 3182 σοί
387 3151 443 3198 γε
483 3131 698 3199 σιδήρεα
736 3131 906 3183 πάντα
943 3130 1190 3188 τέτυκται,
1243 3126 1337 3180 ubi
1378 3129 1660 3197 significat
1696 3129 1959 3184 videlicet
2010 3128 2139 3201 „qui
2174 3127 2387 3198 fatigat

268 3211 495 3282 nequit“
537 3213 891 3281 ,,ἀκάματος“,
944 3208 1080 3264 item
1128 3208 1184 3261 Ψ
1205 3206 1308 3263 177
1348 3212 1403 3262 ἐν
1449 3213 1507 3265 δὲ
1556 3211 1728 3282 πυρὸς
1776 3214 1940 3282 μένος
1990 3210 2087 3281 ἧκε
2137 3211 2389 3280 σιδήρεον,

271 3308 507 3360 quocum
565 3295 821 3349 conferas
878 3293 1155 3361 ἀκάματον
1202 3294 1311 3357 πῦρ
1351 3291 1405 3343 Ε
1431 3291 1467 3345 4
1514 3294 1562 3347 Ο
1595 3293 1702 3349 731
1742 3293 1810 3346 Π
1837 3293 1944 3347 122
1991 3290 2147 3360 alibi3
2202 3288 2389 3346 eodem

273 3387 439 3426 sensu
478 3372 788 3428 Simonides
825 3370 1119 3427 Herculem
1157 3369 1404 3442 appellat
1442 3376 1686 3444 σιδάρεον
1722 3374 1756 3429 i.
1784 3391 1828 3430 e.
1867 3372 2223 3429 indefessum.

447 3455 657 3524 ὑγιής.
722 3453 786 3509 fr.
815 3453 918 3522 5,4
956 3453 1106 3523 ὑγιὴς
1142 3453 1292 3521 ἀνήρ.
1371 3452 1471 3507 Est
1508 3458 1652 3519 ἅπαξ
1688 3458 1966 3527 εἰρημένω
2003 3450 2152 3526 apud
2190 3457 2391 3525 epicos·

276 3529 551 3587 invenitur
608 3534 755 3589 enim
813 3535 931 3591 solo
983 3531 1207 3590 Homeri
1256 3532 1375 3587 loco
1429 3535 1477 3589 Θ
1516 3537 1624 3591 524
1679 3539 1861 3607 μῦθος
1899 3538 1973 3598 δ’,
2030 3537 2091 3594 ὃς
2144 3536 2245 3604 μὲν
2302 3542 2396 3590 νῦν
2448 3537 2450 3618 j

278 3611 536 3679 ὑγιής...
578 3657 588 3667 .
643 3614 806 3683 Apud
858 3616 1128 3685 elegiacos
1177 3612 1553 3687 iambicosque
1606 3620 1662 3672 et
1714 3617 1864 3690 apud
1915 3614 2139 3671 melicos
2178 3620 2392 3686 praeter

279 3686 611 3746 Simonidem
643 3710 753 3746 non
783 3693 982 3763 legitur
1014 3694 1121 3752 nisi
1147 3694 1230 3749 bis
1265 3694 1414 3766 apud
1441 3695 1702 3754 Solonem
1740 3701 1801 3754 fr.
1834 3696 2006 3765 13,38
2027 3735 2038 3748 .
2060 3695 2132 3751 62
2158 3700 2395 3770 utroque

279 3765 396 3820 loco
466 3768 532 3823 de
588 3773 826 3843 corporis
885 3774 1205 3834 valetudine
1269 3774 1494 3847 dictum,
1569 3779 1843 3835 Pindarus
1900 3775 2129 3832 exhibet
2158 3777 2394 3835 -formas
