2450 4146
918 192 1285 247 „47-

34 341 256 410 τερπνὸν
294 341 564 409 ἐφάμερον
592 342 807 394 διώκων
856 341 943 408 ΠΙ,
961 341 1029 394 21
1058 339 1171 411 (IV,
1191 340 1246 413 3)
1279 343 1533 411 ὑμετέρας
1559 343 1745 411 ἀρετὰς
1769 345 1924 412 ὕμνῳ
1952 345 2162 397 διώκειν

35 420 100 477 fr.
133 420 303 490 127,2
321 419 388 494 [3]
408 422 483 490 μὴ
511 424 868 491 πρεσβυτέραν
897 424 1131 491 ἀριθμοῦ
1160 424 1336 484 δίωκε,
1375 425 1535 492 θυμέ,
1576 427 1778 492 πρᾶξιν.
1837 423 1982 478 Male
2013 441 2161 478 com-

35 504 198 573 parat
223 500 511 573 Smythius
539 500 609 556 ad
637 501 812 558 Sim.l.
829 521 869 556 c.
891 502 1045 557 Nem.
1068 502 1132 571 V,
1147 503 1240 557 24:
1269 505 1524 573 φόρμιγγ’
1553 547 1562 556 .
1586 547 1596 557 .
1619 547 1629 557 .
1651 506 1901 574 πλάκτρῳ
1930 507 2160 567 διώκων,

35 583 148 651 ubi,
189 582 354 637 sicuti
393 583 562 636 etiam
595 583 784 637 Isthm.
810 584 936 640 VIII
948 582 1090 656 (VII)
1105 583 1192 652 35,
1235 583 1484 653 agitandi
1523 585 1641 638 sive
1669 585 1929 656 pulsandi
1967 586 2163 643 subest

36 664 123 718 vis
161 681 342 735 neque
383 664 453 718 ab
495 664 646 734 epico
688 682 938 719 sermone
979 664 1164 719 aliena
1200 665 1314 737 (cir.
1361 666 1409 720 Θ
1432 665 1578 737 439).

219 747 535 799 ἐπαινέω.
599 745 662 799 fr.
690 747 740 813 5,
763 746 829 799 19
867 748 1065 805 πάντας
1104 748 1152 800 δ’
1183 749 1428 816 ἕπαίνημι
1465 749 1554 800 καὶ
1593 749 1773 816 φιλέω.
1812 747 1934 802 Vid.
1974 767 2016 802 S.
2042 766 2162 804 voc,

32 829 245 885 ἔπαινος
282 843 332 897 p.
359 825 432 880 54
446 843 524 897 sq.

218 911 416 977 νέμω.
480 908 540 962 fr.
568 908 670 977 5‚9
710 911 837 962 οὐδέ
872 930 963 978 μοι
1004 910 1274 978 ἐμμελέως
1298 909 1356 962 τὸ
1383 909 1692 963 ΙῙιττάκειον
1717 913 1934 979 νέμεται.
1992 909 2160 964 Vide—

32 987 164 1043 licet
212 988 360 1043 idem
412 992 500 1042 est
551 1007 750 1043 sensus
809 1007 873 1044 ac
925 990 1080 1043 verbi
1130 992 1359 1058 νομίζειν
1416 989 1475 1042 in
1526 991 1680 1060 poesi
1738 993 1870 1044 ante
1921 992 2159 1059 tragicos

34 1070 250 1140 perrari.
289 1068 542 1124 Eundem
567 1070 720 1125 vocis
747 1088 911 1124 usum
937 1070 1169 1142 praebet
1195 1069 1346 1124 solus
1375 1070 1689 1141 SophocleS‚
1719 1071 1814 1143 qui
1840 1072 2160 1144 plerumque

34 1150 94 1203 in
144 1151 339 1205 ultimo
378 1165 572 1205 versus
624 1152 763 1222 pede
814 1152 1055 1222 positam
1104 1150 1291 1218 habet,
1344 1150 1435 1205 cfr.
1477 1151 1560 1205 Ai.
1594 1152 1730 1206 1331
1762 1155 1915 1222 φίλον
1954 1156 2007 1206 σ’
2052 1155 2159 1222 ἐγὼ

31 1234 275 1302 μέγιστον
314 1233 570 1301 Ἀργείων
619 1231 790 1306 νέμωΙ
846 1231 924 1286 ΕΙ.
958 1232 1061 1285 150
1101 1233 1166 1285 ἰὼ
1205 1232 1398 1300 Νιόβα,
1448 1234 1504 1285 σὲ
1544 1234 1598 1285 δ’
1635 1235 1802 1301 ἔγωγε
1847 1236 1994 1303 νέμω
2033 1236 2163 1287 θεόν

35 1313 144 1368 598
181 1315 271 1367 καὶ
309 1317 361 1367 σ’
393 1317 560 1383 ἔγωγε
600 1316 836 1369 δέσποτιν
875 1318 907 1383 ἢ
933 1315 1115 1384 μητέρ’
1156 1315 1256 1366 οὐκ
1291 1314 1510 1366 ἔλασσον
1545 1316 1617 1372 εἰς
1650 1316 1791 1382 ἡμᾶς
1824 1315 1990 1386 νέμω(
2033 1314 2162 1369 Oed.

32 1394 97 1448 R.
129 1394 271 1449 1080
310 1396 416 1464 ἐγὼ
458 1397 508 1449 δ’
543 1396 770 1464 ἐμαυτὸν
807 1396 971 1448 παῖδα
1004 1401 1095 1463 τῆς
1124 1395 1298 1463 Τύχης
1330 1392 1533 1464 νέμωνΙ
1576 1394 1706 1449 Oed.
1735 1395 1843 1449 Col.
1871 1396 1980 1451 879
2006 1398 2155 1450 τάνδ’

32 1477 119 1545 ἄρ’
148 1478 320 1530 οὐκέτι
345 1483 492 1546 νεμῶ
516 1479 667 1530 πόλιν
715 1475 907 1530 Trach.
926 1475 1036 1530 483
1064 1479 1116 1528 εἴ
1132 1497 1175 1528 τι
1200 1477 1348 1544 τήνδ’
1381 1478 1639 1544 ἁμαρτίαν
1664 1475 1852 1549 νέμειςΙ
1895 1476 1958 1532 fr.
1985 1477 2111 1546 874,
2128 1477 2161 1531 3

31 1557 237 1626 Νῦσαν,
278 1561 345 1627 ἢν
383 1560 414 1611 ὁ
451 1561 730 1628 βουκέρως
756 1558 968 1626 Ἴακχος
1006 1559 1152 1625 αὑτῷ
1189 1563 1352 1625 μαῖαν
1391 1559 1605 1627 ἡδίστην
1643 1555 1983 1631 νέμειΙ.-31)

218 1719 412 1788 VoceS‚
453 1737 596 1791 quae
623 1719 795 1790 apud
819 1718 1175 1773 Hesiodum
1200 1719 1308 1773 vel
1332 1720 1397 1773 in
1426 1719 1695 1791 cyclicis
1723 1721 1831 1791 qui
1856 1720 2161 1775 feruntur

35 1801 277 1872 poetis
316 1801 432 1855 vel
469 1801 540 1855 in
578 1801 864 1873 hymnis
903 1801 1199 1871 primum
1238 1799 1614 1869 leguntur,
1656 1804 1790 1855 sunt
1826 1802 1955 1856 hae:

219 1883 645 1952 δυσφροσύνα.
684 1882 747 1936 fr.
765 1882 836 1936 86
861 1885 920 1948 (=
941 1882 1011 1936 66
1034 1881 1115 1936 ed.
1136 1880 1458 1949 Hill.-Crus.)
1481 1884 1751 1951 ἀμύντορα
1773 1885 2160 1953 δυσφροσυνᾶν.

32 1963 295 2017 Primum'
323 1981 409 2035 ap.
449 1963 755 2018 Hesiodum
794 1964 1027 2018 occurrit
1065 1963 1266 2030 Theog.
1299 1962 1402 2016 102
1425 2005 1436 2016 .
1459 1963 1583 2032 528,
1627 1962 1822 2017 deinde
1859 1983 1944 2036 ap.
1980 1965 2159 2019 Theo-

35 2045 179 2113 gnid.
224 2044 379 2113 1189,
426 2045 631 2115 ubique
668 2045 895 2115 pluralis
934 2062 1210 2098 numerus,
1287 2043 1403 2096 Iadi
1443 2046 1532 2098 est
1569 2045 1862 2115 proprium,
1905 2045 2159 2100 conferas

33 2125 349 2197 Hippocrat.
387 2128 507 2196 περὶ
558 2129 699 2195 ἱερῆς
749 2127 910 2180 νόσου
950 2126 975 2179 Ι
1012 2143 1061 2196 p.
1090 2125 1197 2178 609
1236 2125 1301 2195 (Ξ
1346 2124 1484 2178 Med.
1526 2124 1714 2180 Graec.
1754 2127 1860 2180 vol.
1886 2126 2036 2195 XXI)
2077 2126 2159 2182 ed.

33 2208 237 2262 Kuehn
276 2209 334 2261 et
373 2225 456 2276 ea,
511 2225 654 2278 quae
695 2206 762 2261 de
801 2207 1031 2262 vocibus
1076 2207 1134 2259 in
1174 2208 1328 2275 -σύνη
1371 2205 1698 2260 cadentibus
1751 2207 2158 2278 disputavimus

36 2307 86 2360 p.
113 2289 180 2342 21
200 2306 279 2359 sq.

219 2372 448 2439 μέρος.
505 2369 568 2423 fr.
596 2369 734 2437 39‚4
772 2372 1021 2437 (θάνατος
1036 2372 1066 2436 ·)
1105 2371 1279 2422 κείνου
1328 2369 1427 2438 γὰρ
1466 2372 1579 2422 ἴσον
1617 2371 1780 2439 λάχον
1816 2373 1994 2439 μέρος.
2070 2371 2156 2424 Ab

37 2450 263 2505 Homeri
313 2450 650 2522 Hesiodique
705 2468 957 2504 sermone
1012 2449 1276 2518 alienum;
1326 2449 1611 2504 invenitur
1663 2451 1720 2504 in
1771 2451 1959 2523 hymn.
1998 2451 2156 2505 Merc.

34 2533 108 2587 53
131 2568 141 2586 .
162 2532 271 2586 419
312 2532 494 2603 (μέλος
530 2532 709 2603 libri).
732 2532 837 2585 501
879 2530 1058 2601 (μέλος
1097 2530 1236 2602 libri)
1276 2530 1387 2585 Cer.
1414 2530 1540 2600 400,
1584 2531 1779 2586 deinde
1832 2533 1979 2603 apud
2025 2532 2155 2585 Pin-

36 2611 236 2666 darum
272 2612 662 2684 Bacchylidem
710 2614 963 2681 tragicos
1042 2611 1301 2666 Similiter
1351 2614 1521 2683 atque
1562 2612 1869 2667 Simonides
1920 2616 2154 2666 θανάτου

34 2697 203 2763 μέρος
242 2693 432 2747 dicunt
473 2693 722 2764 Sophocl.
761 2695 890 2746 Ant.
921 2691 1028 2747 147
1067 2695 1240 2762 ἔχετον
1277 2700 1459 2747 κοινοῦ
1499 2696 1733 2747 θανάτου
1783 2697 1948 2763 μέρος
1986 2697 2154 2762 ἄμφω

38 2774 220 2845 Eurip.
258 2773 472 2828 Heracl.
501 2775 603 2829 621
647 2777 933 2843 εὐδόκιμον
972 2777 1076 2843 ἔχει
1111 2776 1346 2828 θανάτου
1385 2777 1571 2843 μέρος;
1611 2778 1780 2844 atque
1821 2773 1991 2827 altero
2032 2773 2153 2844 qui-

37 2857 164 2910 dem
202 2855 294 2908 illo
324 2854 607 2926 Sophoclis
646 2856 765 2910 loco
804 2854 1071 2925 partitiva
1108 2855 1337 2923 genitivi
1374 2857 1527 2910 notio
1570 2856 1765 2909 subest
1803 2858 1944 2909 sicut
1985 2855 2154 2908 etiam

216 3033 267 3088 31)
299 3031 542 3076 Accedunt
570 3029 632 3083 ἐξ
670 3031 700 3073 ἀ
716 3028 783 3085 δή
799 3028 824 3072 λ
841 3047 875 3072 ω
889 3047 915 3072 ν
954 3026 1095 3074 εἰδῶ
1111 3048 1137 3074 ν
1167 3032 1308 3077 haec:
1341 3032 1476 3088 frgm.
1500 3032 1588 3075 233
1619 3027 1676 3073 δε
1692 3047 1717 3072 σ
1733 3047 1766 3074 ιι
1783 3029 1806 3072 ὁ
1822 3047 1848 3072 ν
1870 3030 2153 3075 Simonidem

37 3113 232 3143 vocasse
263 3112 428 3143 ansam
460 3098 716 3142 scholiasta
747 3100 947 3141 annotat
976 3098 1036 3142 ad
1063 3097 1249 3144 Hom.0
1270 3099 1370 3151 713,
1404 3113 1494 3156 quo
1527 3099 1630 3141 loco
1664 3097 1824 3140 similis
1856 3096 1974 3140 latet
2006 3096 2151 3150 notio,

41 3166 257 3210 dicuntur
295 3164 417 3208 enim
453 3160 696 3219 μελάνδετα
726 3163 867 3220 gladii
907 3163 1046 3220 nigris
1083 3165 1297 3209 instructi
1328 3165 1517 3221 capulis.
1550 3188 1606 3194 —
1637 3163 1772 3218 frgm.
1795 3161 1883 3206 250
1914 3160 2154 3218 φύξιμος

37 3229 155 3287 ὀδμή
188 3230 304 3275 dixit
334 3232 490 3287 pocta,
523 3229 552 3274 i.
576 3243 614 3274 e.
648 3230 776 3282 odor,
826 3244 962 3288 quem
991 3230 1154 3288 fugere
1186 3233 1393 3288 oportet;
1439 3229 1563 3287 quod
1595 3227 1804 3272 imitatus
1835 3242 1937 3272 esse
1967 3229 2153 3273 videtur

40 3298 237 3343 Nicand.
270 3297 407 3341 Ther.
439 3295 519 3348 34;
563 3295 699 3339 aliter
728 3295 954 3340 Homerus
984 3312 1005 3339 ε
1024 3297 1111 3342 359
1143 3297 1200 3340 de
1231 3296 1350 3348 loco,
1393 3309 1485 3352 quo
1518 3294 1619 3351 quis
1658 3293 1819 3350 fugere
1851 3296 2020 3352 potest,
2052 3294 2080 3339 i.
2112 3307 2151 3340 e.

42 3364 99 3408 de
129 3364 326 3421 refugio.
358 3388 413 3394 -
437 3362 572 3416 frgm.
594 3361 681 3405 ‘229
713 3360 1043 3416 ἀμύνασθαι
1073 3363 1241 3408 dixisse
1271 3361 1419 3405 fertur
1450 3359 1709 3404 Simonides
1742 3359 1838 3402 ἀντὶ
1867 3364 1946 3401 τοῦ
1974 3359 2152 3418 χάριτας

37 3427 301 3484 ἀποδοῦναι;
349 3429 423 3473 cui
464 3427 798 3484 significationi
837 3429 1055 3485 peculiari
1101 3429 1263 3474 affinis
1310 3431 1381 3471 est
1426 3426 1551 3470 vices
1598 3425 1828 3469 referendi
1869 3426 2152 3483 rependendi

42 3497 295 3541 ulciscendi
336 3494 460 3553 apud
491 3494 673 3538 Atticos
712 3494 971 3552 praecipue,
1016 3495 1097 3540 cfr.
1140 3495 1284 3539 veluti
1326 3491 1543 3549 Sophocl.
1578 3492 1689 3536 Oed.
1722 3491 1768 3535 C.
1790 3491 1878 3535 873
1909 3491 2047 3548 ἔργοις
2074 3508 2150 3536 πε-

38 3563 221 3608 πονθὼς
250 3559 439 3621 ῥήμασίν
470 3559 506 3603 σ’
546 3558 767 3615 ἀμύνομαι
821 3559 1026 3618 Thucyd.
1049 3562 1153 3614 I‚42
1182 3560 1271 3605 τοῖς
1301 3558 1467 3613 ὁμοίοις
1495 3555 1607 3613 ἡμᾶς
1637 3556 1892 3611 ἀμύνασθαι
1942 3558 2017 3612 IV,
2033 3558 2105 3613 63,
2122 3559 2152 3604 2

42 3627 121 3671 τὸν
150 3625 196 3672 εὖ
223 3631 298 3671 καὶ
327 3631 468 3673 κακῶς
506 3624 677 3684 δρῶντα
707 3623 755 3677 ἐξ
784 3625 875 3668 ἶσου
904 3626 1036 3686 ἀρετῇ
1065 3626 1347 3684 ἀμυνούμεθα
1395 3624 1449 3676 V,
1466 3623 1524 3668 69
1552 3626 1628 3665 καὶ
1658 3620 1817 3681 ἄνδρας
1847 3623 1941 3680 ἅμα
1971 3622 2152 3682 ἕχθροῦς

43 3698 118 3737 καὶ
148 3695 444 3752 ἀστυγείτονας
472 3692 580 3750 ὑπὲρ
609 3689 784 3734 πολλῶν
804 3689 1080 3748 ἀδικημάτων
1100 3692 1354 3740 ἀμύνασθαι
1404 3689 1476 3743 VI,
1499 3689 1554 3734 10
1583 3688 1654 3745 ὑφ’
1695 3683 1755 3732 ὧν
1786 3687 1826 3732 δ’
1859 3691 1983 3733 αὐτοὶ
2010 3688 2151 3734 πάλαι

42 3758 306 3816 ἀφεστώτων
335 3757 619 3816 ἀδικούμεθα,
652 3757 717 3800 ἔτι
745 3755 958 3814 μέλλομεν
987 3759 1244 3816 ἀμύνασθαι
1274 3758 1402 3802 alias.
