2450 4146
944 233 1305 287 -65-

60 382 279 451 ἠλίθιον,
334 381 571 439 Ἀττικῶς
611 425 621 435 .
661 384 870 443 εἰκαῖον,
935 383 1174 451 ἀνόητον,
1241 382 1557 451 Ελληνικῶς.
1649 382 1830 436 Semel
1894 399 1976 453 ap.
2026 381 2179 438 Pind.

59 461 220 533 Pyth.
246 461 416 529 IH,11
458 463 616 530 χόλος
656 464 809 515 δὀὐκ
850 465 1052 522 ἀλίθιος
1090 465 1274 531 γίνεται
1312 464 1519 516 παίδων
1559 464 1696 522 Διός.

153 595 155 598 ⁴
236 543 488 612 μωρός.
546 542 608 596 fr.
639 543 775 611 57,ss
813 550 1006 613 μωροῦ
1046 544 1228 613 φωτὸς
1266 545 1361 598 ἅδε
1397 546 1578 613 βουλά.
1634 546 1823 614 μωρός
1860 544 1971 615 (vel
2010 544 2180 598 etiam

57 623 267 694 μῶρος)
305 623 567 677 Atthides
622 627 708 678 est
757 625 1031 695 peculiare
1071 625 1429 694 vocabulum,
1484 626 1734 679 crebrum
1774 628 1830 680 et
1867 627 1923 679 in
1962 626 2179 696 poetico

61 707 117 759 et
153 705 211 758 in
251 704 432 759 soluto
473 722 672 773 genere
713 705 946 775 dicendi3
984 706 1139 777 lyrici
1177 707 1281 760 hoc
1320 706 1590 761 vocabulo
1630 707 2037 761 abstinuerunt.

237 788 269 840 ἔ
277 807 321 855 ψ
337 807 397 840 ω.
444 784 507 839 fr.
536 786 654 854 64,1
684 788 828 856 παρὰ
855 789 1054 857 χρυσὸν
1081 789 1254 857 ἑφθὸν
1281 790 1558 858 ἀκήρατον.
1605 790 1811 857 Ἑφθόν
1840 788 1971 842 dicit
1997 788 2178 843 Simo-

57 867 217 922 nides
257 884 453 921 aurum
490 867 619 935 tale,
669 868 830 938 quale
872 869 1037 922 ceteri
1076 871 1324 938 ἄπεφθον
1364 868 1537 923 veluti
1574 869 1834 923 Herodot.
1861 870 1900 938 Ι,
1916 869 1989 924 50
2026 869 2180 937 II,44

59 948 301 1021 Thucyd.
329 948 391 1018 II,
414 948 479 1001 13
531 948 674 1002 Plut.
701 951 819 1018 περὶ
843 956 935 1003 τοῦ
961 951 1037 1019 μὴ
1068 952 1174 1003 δεῖν
1203 952 1528 1012 δανείζεσθαι
1556 950 1665 1003 828
1692 951 1735 1004 Β
1763 950 1847 1019 (V,
1866 950 1972 1004 135
1999 950 2177 1022 Bern.)

56 1029 227 1084 Bekk.
254 1028 459 1083 Anecd.
486 1029 525 1097 Ι,
540 1029 666 1097 423,
684 1031 754 1084 23
812 1029 1010 1084 Pollux
1037 1029 1230 1085 Onom.
1260 1031 1309 1101 3,
1327 1031 1398 1087 87
1455 1033 1506 1099 7,
1526 1031 1597 1086 97
1657 1031 1804 1085 Suid.
1832 1049 1873 1086 s,
1900 1049 1950 1086 v.
1994 1031 2176 1099 Signi-

56 1110 194 1164 ficat
220 1111 408 1164 autem
435 1127 631 1164 aurum
659 1110 804 1182 quod
829 1111 1189 1182 liquefactum
1217 1115 1304 1166 est
1330 1130 1365 1166 a
1390 1112 1547 1166 fabro
1576 1115 1745 1183 atque
1773 1113 1856 1167 ita
1879 1114 2177 1183 purgatum

56 1189 171 1262 (cfr.
210 1189 413 1246 Polluc.
454 1191 602 1245 Suid.
642 1191 673 1246 1.
715 1193 791 1265 c).
869 1193 1103 1247 Omnino
1146 1211 1278 1247 vero
1332 1193 1652 1264 splendidae
1691 1193 1950 1264 puritatis
1991 1197 2049 1247 et
2087 1193 2177 1247 in-

0 1280 1 1328 ]
55 1273 333 1341 tegritatis
358 1273 450 1328 vel
476 1274 644 1327 etiam
671 1292 884 1328 morum
909 1275 1086 1328 instar
1126 1278 1213 1328 est
1251 1275 1398 1345 apud
1437 1278 1649 1345 poetaS,
1680 1274 1771 1329 cfr.
1800 1274 2041 1343 Theogn.
2066 1274 2177 1328 449

0 1347 1 1372 l
56 1357 291 1423 εὑρήσεις
330 1356 389 1408 δέ
424 1376 492 1424 με
530 1361 686 1408 πᾶσιν
724 1358 804 1408 ἐπ’
849 1359 1096 1425 ἔργμασιν
1147 1358 1327 1425 ὥσπερ
1379 1358 1628 1425 ἄπεφθον
1678 1358 1892 1426 χρυσόν,
1945 1357 2178 1425 ἐρυθρὸν

56 1437 194 1498 ἰδεῖν,
231 1437 541 1505 τριβόμενον
566 1438 785 1505 βασάνῳ
851 1437 994 1490 1106
1033 1440 1105 1496 εἰς
1142 1439 1377 1507 βάσανον
1417 1439 1465 1491 δ’
1497 1439 1687 1508 ἐλθών,
1725 1439 2177 1507 παρατριβόμενός

53 1538 107 1570 τε
130 1518 387 1587 μολίβδῳ,
426 1518 624 1587 χρυσὸς
655 1520 900 1587 ἄπεφθος
926 1521 1045 1580 ἐών,
1085 1520 1247 1577 καλὸς
1274 1522 1464 1572 ἅπασιν
1490 1522 1597 1588 ἔσῃ.
1644 1518 1799 1573 Pind.
1819 1518 1974 1572 Nem.
1994 1519 2085 1587 IV,
2104 1518 2176 1571 82

55 1600 86 1652 ὁ
123 1599 320 1667 χρυσὸς
376 1600 639 1668 ἑψόμενος
678 1600 843 1667 αὐγὰς
900 1601 1090 1660 ἔδειξεν
1147 1602 1368 1661 ἁπάσας,
1427 1602 1594 1669 ὕμνος
1645 1601 1702 1653 δὲ
1752 1603 1876 1668 κτὲ.;
1932 1599 2174 1654 fortasse

57 1678 351 1734 Simonidis
366 1697 584 1750 quoque
600 1680 717 1734 loco
733 1679 895 1734 valde
919 1682 1169 1751 corrupto
1195 1682 1312 1734 eius
1327 1680 1475 1734 modi
1495 1680 1683 1751 aliqua
1701 1681 1842 1735 latet
1857 1680 2171 1734 similitudo,

232 1763 491 1831 θραύω.
545 1760 607 1814 fr.
635 1762 722 1831 57,
740 1761 772 1815 6
811 1763 962 1815 λίθον
990 1763 1046 1815 δὲ
1072 1763 1160 1815 καὶ
1185 1763 1393 1831 βρότεοι
1430 1763 1666 1830 παλάμαι
1692 1764 1957 1831 θραύοντι.
2011 1760 2176 1832 Apud

53 1841 270 1896 Atticos
315 1844 540 1896 tantum
595 1843 822 1896 recurrit
878 1845 1074 1913 poetas
1091 1843 1154 1914 50)
1212 1843 1398 1914 ibique
1448 1842 1811 1913 frequentiuS,
1867 1843 1958 1897 cfr.
1998 1842 2176 1897 veluti

55 1923 316 1995 Aeschyl.
348 1924 496 1978 PerS.
523 1923 626 1978 196
648 1966 658 1978 .
679 1923 788 1978 416
846 1923 1000 1977 Eum.
1028 1923 1136 1979 557
1195 1923 1442 1995 Sophocl.
1470 1923 1549 1978 El.
1576 1925 1684 1978 729
1707 1968 1716 1977 .
1738 1925 1845 1979 745
1902 1924 2038 1978 Phil.
2066 1923 2176 1977 294

52 2005 184 2058 Ant.
209 2004 319 2059 476
375 2004 557 2076 Eurip.
583 2005 742 2076 Hipp.
763 2005 903 2059 1239
945 2005 1075 2059 alibi
1133 2006 1409 2075 Aristoph.
1436 2006 1539 2059 AV.
1566 2005 1675 2059 466
1705 2005 1974 2073 (conferas
2003 2005 2173 2059 etiam

55 2087 381 2156 ἅποθραύειν
426 2089 741 2155 συνθραύειν
793 2088 1091 2155 ἄθραυστος
1143 2089 1503 2155 ἡμίθραυστος
1562 2089 1784 2156 θραῢμα
1834 2088 2174 2155 θραυσάντυξ

54 2166 204 2238 apud
256 2166 516 2239 eosdem),
575 2169 633 2220 in
684 2185 848 2238 prosa
901 2169 1147 2221 oratione
1203 2169 1390 2221 exstat
1443 2166 1591 2237 apud
1628 2167 1970 2221 Herodotum
2018 2169 2076 2220 et
2112 2166 2173 2220 in

53 2247 364 2302 Atticorum
404 2249 633 2320 scriptiS,
675 2249 927 2303 vitarunt
964 2251 1153 2301 tamen
1195 2248 1543 2319 Thucydides
1583 2252 1949 2318 oratoresque.

232 2332 599 2384 κατακωλύ
616 2351 676 2384 ω.
749 2329 811 2383 fr.
838 2330 979 2399 4l,2
1018 2332 1124 2388 ἅτις
1161 2331 1459 2383 κατεκώλυε
1498 2371 1508 2382 .
1549 2371 1559 2383 .
1601 2370 1611 2382 .
1652 2335 1817 2398 γᾶρυν
1856 2332 2070 2399 ἀραρεῖν
2109 2370 2119 2382 .
2160 2372 2171 2383 .

53 2410 180 2464 Vox
217 2413 414 2465 κωλύω
453 2411 511 2464 111
549 2429 713 2483 prosa
740 2412 985 2465 oratione
1013 2412 1201 2464 Attica
1228 2411 1553 2464 creberrima
1579 2409 1726 2481 apud
1751 2409 2091 2464 Herodotum
2105 2410 2170 2482 51)

55 2494 113 2546 et
170 2491 354 2563 epicos
411 2510 689 2563 nusquam
726 2492 941 2560 legitur,
1002 2492 1150 2562 apud
1203 2490 1400 2562 lyricos
1450 2491 1787 2562 Aeschylum
1842 2491 2170 2562 Sophoclem

53 2590 287 2644 perram,
340 2572 431 2627 cfr.
472 2573 584 2627 Alc.
613 2575 751 2642 55,2
819 2574 971 2627 Pind.
998 2573 1158 2643 Pyth.
1186 2573 1276 2642 IV,
1294 2573 1364 2626 33
1406 2571 1674 2645 [Aeschyl.
1717 2572 1900 2644 Suppl.
1930 2573 2073 2625 1002
2112 2573 2169 2624 111

54 2671 219 2709 versu
261 2653 569 2727 desperato]
624 2654 872 2725 Sophocl.
912 2654 988 2707 El.
1034 2654 1173 2708 1197
1227 2655 1353 2708 Ant.
1392 2653 1498 2707 261
1551 2653 1688 2708 Phil.
1725 2654 1884 2723 1241,
1945 2652 2167 2722 saepius

54 2735 204 2806 apud
229 2727 543 2805 Euripidem
583 2738 640 2790 et
665 2735 1106 2806 Aristophanem.
1182 2735 1407 2806 Epicum
1445 2737 1503 2789 et
1528 2735 1772 2789 Ionicum
1813 2738 1900 2787 est
1938 2736 2166 2803 ἕρύκειν;

53 2819 410 2870 κατακωλύειν
449 2819 581 2871 ante
622 2816 915 2871 Simonidis
955 2817 1199 2869 aetatem
1238 2833 1351 2871 non
1390 2819 1476 2871 est
1514 2818 1795 2871 traditum.
1835 2816 1974 2887 —⁵2)

230 3125 429 3179 Paucis
455 3125 568 3178 iam
595 3126 1035 3196 complectamur,
1064 3143 1206 3197 quae
1227 3126 1294 3180 de
1318 3125 1610 3180 Simonidis
1633 3123 1849 3177 delectu
1868 3123 2162 3177 verborum

53 3206 158 3262 hoc
197 3207 375 3278 capite
415 3207 784 3276 exposuimus.

232 3287 313 3341 Ac
350 3289 585 3358 primum
612 3288 832 3358 quidem
857 3286 913 3340 id
938 3288 1071 3342 mihi
1094 3289 1356 3359 probasse
1384 3285 1588 3352 videor,
1631 3283 1966 3338 Simonidem
1994 3284 2163 3338 Geum

54 3368 206 3423 haud
243 3368 455 3423 tardius
491 3386 657 3439 quam
686 3370 896 3422 ceteros
921 3371 1116 3439 poetas
1143 3370 1417 3440 epicorum
1443 3365 1683 3433 vestigia
1708 3365 1971 3435 pressisse
1997 3364 2162 3435 idque

231 3531 284 3587 ⁶⁰)
315 3545 414 3576 var.
445 3531 550 3574 lect.
581 3543 654 3587 ap.
688 3529 817 3573 Pind.
851 3529 918 3574 01.
948 3530 1023 3583 VI.
1041 3530 1112 3576 97.

232 3597 284 3654 51)
318 3599 371 3642 at
400 3597 542 3641 semel
572 3596 619 3639 in
651 3595 824 3639 oraculi
852 3595 1059 3640 versibus
1089 3596 1275 3642 insertis
1306 3596 1338 3648 1,
1355 3594 1425 3639 66.

233 3663 284 3720 ⁶²)
315 3663 559 3708 Accedunt
604 3659 660 3712 ἐξ
705 3657 933 3715 ἂδήλωνε
979 3661 1036 3707 fr.
1058 3662 1146 3707 240
1175 3662 1375 3720 κίρτος.
1431 3659 1501 3702 De
1536 3660 1728 3703 notione
1765 3658 1900 3702 huius
1930 3658 2159 3712 vocabuli,

55 3728 94 3774 si
126 3729 312 3787 quidem
342 3731 469 3774 recte
511 3730 583 3773 est
613 3727 850 3780 traditum,
897 3726 1012 3772 nihil
1057 3731 1259 3774 constat.
1307 3752 1362 3759 --
1407 3725 1464 3770 fr.
1494 3724 1581 3769 235
1628 3720 1689 3766 αἰ
1697 3741 1722 3782 ρ
1736 3722 1956 3767 ιπόλιοι
2001 3721 2156 3780 δμωαί,

54 3793 124 3839 De
153 3796 283 3839 vocis
312 3794 584 3853 integritate
616 3793 935 3838 dubitandum.

146 3874 370 3910 Schroeter.
1838 3864 1865 3908 5
