2450 4146
952 249 1316 304 „27-

69 397 142 452 ad
167 396 400 453 verbum
426 396 673 451 excussit
697 395 1197 468 praeclarissimum
1222 395 1357 450 illud
1376 395 1601 450 Homeri
1628 397 1774 468 quod
1802 398 1992 453 exstat
2018 401 2072 452 Z
2086 400 2197 455 146

70 481 152 548 οἵη
190 499 290 548 περ
328 479 545 548 φύλλων
583 480 748 547 γενεή,
786 481 897 548 τοίη
939 479 996 532 δὲ
1033 479 1123 531 καὶ
1162 478 1414 547 ἀνδρῶνῖ)
1476 476 1632 531 Adde
1671 479 1818 549 quod
1855 479 1914 533 in
1939 478 2095 548 frgm.
2123 482 2198 535 58

68 559 127 614 in
175 558 368 613 fabula
418 558 486 613 de
531 557 745 613 Virtute
786 558 1096 613 enarranda
1132 558 1362 613 Hesiodi
1398 559 1638 626 vestigia
1674 560 1873 630 premit
1919 561 2074 630 ade0‚
2130 563 2198 616 ut

67 639 160 695 vel
196 641 320 710 ipsa
350 639 496 693 illius
535 639 710 693 verba
738 640 1126 708 dignoscamus
1167 658 1309 711 quae
1334 640 1594 709 leguntur
1620 640 1751 710 Opp.
1779 641 1887 695 286
1909 659 2024 713 sqq.
2084 642 2195 696 Sed

12 754 17 758 -
69 721 333 793 quoniam
383 738 553 792 supra
602 721 713 774 iam
760 720 1001 775 vidimus
1040 722 1100 775 in
1138 721 1432 775 verborum
1471 723 1698 792 syntaxi
1736 721 2022 792 permultis
2060 723 2197 778 locis

70 801 408 856 Simonidem
448 803 725 873 epicorum
766 820 825 856 se
852 802 1176 873 praebuisse
1211 805 1558 871 sectatorem,
1597 820 1746 856 nunc
1773 802 1995 873 quidem
2023 821 2196 875 quae-

67 900 273 953 ramuS‚
327 900 601 954 quasnam
651 883 1048 937 vocabulorum
1101 884 1539 938 consociationes
1585 883 1720 953 sive,
1773 886 1839 937 ut
1876 884 1959 938 ita
1997 884 2195 954 dicam,

68 963 285 1019 dicendi
322 963 589 1018 formulas
631 982 661 1018 e
700 981 952 1018 sermone
993 965 1145 1036 epico
1187 964 1599 1036 deprompserit.

247 1102 370 1159 Huc
408 1107 599 1159 autem
637 1105 725 1159 vel
766 1105 1005 1159 maxime
1045 1105 1325 1175 pertinent
1364 1121 1463 1157 eae
1502 1102 1828 1173 locutioneS‚
1877 1122 2020 1175 quae
2061 1123 2197 1160 con-

67 1186 318 1240 tinentur
365 1186 564 1239 certis
603 1186 978 1240 nominibus
1019 1203 1157 1240 cum
1198 1185 1399 1239 certis
1439 1185 1832 1256 quibusdam
1873 1185 2198 1256 epithetis

70 1267 468 1336 coniunctis;
509 1266 792 1321 adduntur
829 1269 1018 1321 autem
1061 1266 1258 1320 eadem
1297 1268 1466 1337 atque
1505 1267 1563 1319 in
1603 1266 1770 1337 epicis
1811 1267 2061 1337 epitheta
2098 1267 2196 1321 iis-

70 1347 196 1402 dem
235 1348 605 1403 substantivis
646 1348 794 1419 apud
834 1347 1171 1402 Simonidem
1210 1347 1371 1401 haec:

245 1428 401 1498 frgm.
442 1429 545 1496 7,1
598 1431 1049 1484 ἀελλοπόδων
1088 1473 1100 1484 .
1128 1471 1179 1483 ..
1220 1431 1461 1482 ἵππων.
1538 1428 1659 1482 Hoc
1697 1429 2007 1499 epithetum
2046 1429 2197 1500 apud

67 1509 371 1565 Homerum
409 1509 536 1564 Iridi
573 1511 848 1582 proprium
888 1508 1003 1580 (cfr.
1049 1509 1098 1565 Θ
1121 1509 1232 1564 409
1275 1510 1327 1562 Ω
1352 1510 1451 1565 77.
1472 1509 1593 1577 159)
1634 1510 1871 1580 primum
1910 1509 1982 1565 ad
2023 1528 2196 1582 equo-

68 1609 192 1645 rum
231 1591 568 1646 celeritatem
597 1591 1022 1660 significandam
1049 1590 1344 1645 adhibetur
1368 1591 1427 1644 in
1452 1590 1641 1662 hymn.
1669 1591 1805 1646 Ven.
1833 1592 1943 1646 218
1969 1595 2202 1646 ἵπποισιν

69 1674 488 1741 ἀελλοπόδεσσιν,
552 1674 687 1727 item
753 1672 901 1744 apud
951 1672 1253 1726 Pindarum
1303 1673 1457 1726 Nem.
1496 1673 1535 1743 I,
1559 1672 1593 1727 6
1658 1673 1805 1726 αἶνον
1856 1675 2201 1727 ἀελλοπόδων

67 1757 235 1823 μέγαν
261 1757 438 1808 ἵππων
481 1753 638 1823 frgm.
666 1754 770 1808 221
802 1756 1143 1807 ἀελλοπόδων
1170 1798 1181 1809 .
1209 1799 1220 1810 .
1249 1795 1259 1807 .
1287 1757 1396 1807 ἵππ.
1423 1756 1569 1823 τιμαί
1590 1796 1601 1808 .
1629 1796 1640 1807 .
1668 1796 1696 1822 .,
1726 1753 1853 1807 inde
1882 1754 1954 1808 ad
1980 1772 2198 1808 currum

69 1834 406 1889 transfertur
468 1834 630 1907 Pyth.
682 1835 773 1904 IV,
796 1835 863 1888 18
916 1837 1140 1904 δίφρους
1178 1837 1515 1894 ἀελλόποδας.
1605 1835 1904 1906 Sophocles
1970 1836 2201 1890 exhibet

71 1915 200 1971 Oed.
239 1915 301 1970 R.
341 1915 450 1970 466
490 1918 760 1970 ἀελλάδων
799 1919 988 1970 ἵππων.

246 1997 402 2067 frgm.
446 1998 587 2067 15,2
640 2000 1013 2067 ἀρούραισι
1064 1999 1521 2067 πυροφόροις.
1596 1997 1737 2051 Item
1786 1997 1944 2052 Hom.
1983 1998 2198 2053 M3l4

72 2080 308 2149 ἀρούρης
344 2081 680 2148 πυροφόροιο
722 2081 780 2133 et
815 2078 1043 2150 pluralis
1083 2095 1345 2132 numerus
1386 2080 1436 2130 Ξ
1473 2079 1576 2132 122
1615 2081 1840 2149 ἄρουραι
1876 2081 2199 2148 πυροφόροι,

69 2159 175 2214 Pro
215 2163 421 2230 ἄρουρα
459 2161 741 2214 invenitur
778 2162 979 2214 πεδίον;
1018 2159 1177 2213 Hom.
1224 2161 1273 2212 Φ
1305 2159 1412 2214 602
1453 2159 1691 2228 Theogn.
1721 2159 1844 2228 988,
1887 2167 1954 2229 γῆ
1963 2179 1973 2215 ;
2014 2160 2197 2215 Solon.

76 2241 159 2310 13,
183 2241 255 2295 20
300 2240 388 2309 24,
412 2242 446 2295 2
485 2268 529 2285 =
568 2241 806 2310 Theogn.
847 2241 970 2296 720.
1048 2240 1308 2294 Conferas
1360 2239 1596 2311 denique
1646 2243 1827 2294 πεδίον
1877 2243 2199 2312 πυρηφόρον

70 2321 229 2378 Hom.
270 2344 300 2391 γ
336 2323 447 2377 495
485 2322 538 2376 h.
564 2322 739 2392 Apoll.
781 2323 944 2389 2286)

247 2403 404 2471 frgm.
444 2403 587 2472 23,1
652 2406 906 2462 λευκᾶς
957 2445 967 2457 .
1009 2445 1019 2456 .
1060 2445 1070 2457 .
1122 2404 1436 2471 γαλάνας.
1537 2402 1797 2457 Similiter
1845 2403 2003 2459 Hom.
2050 2426 2083 2457 κ
2124 2404 2207 2458 94-

70 2486 230 2554 λευκὴ
273 2486 318 2538 δ’
365 2486 431 2554 ἦν
469 2487 608 2554 ἀμφὶ
647 2487 860 2554 γαλήνη.

248 2564 405 2635 frgm.
434 2565 574 2634 30,1
601 2568 895 2634 (Δώτιον)
925 2566 1273 2634 ἀνθεμόεν
1309 2566 1563 2619 πεδίον.
1596 2564 1736 2619 Vide
1759 2565 1830 2619 ad
1849 2566 1998 2619 hunc
2016 2565 2197 2621 locum

71 2646 124 2700 h.
151 2646 310 2700 Merc.
338 2647 409 2701 96
447 2649 589 2700 πεδί’
632 2649 956 2716 ἀνθεμόεντα
995 2645 1087 2699 vel
1125 2646 1294 2700 etiam
1333 2645 1532 2700 similia
1570 2646 1729 2701 haec:
1768 2649 1821 2699 Β
1853 2647 1962 2701 467
2001 2649 2056 2699 ἕν
2092 2648 2194 2699 λει-

71 2734 212 2797 μῶνι
224 2729 590 2798 Σκαμανδρίῳ
611 2729 918 2797 ἀνθεμόεντι
954 2726 1114 2796 μ159
1134 2728 1343 2796 λειμῶν’
1362 2729 1686 2797 ἀνθεμόεντα
1724 2727 1851 2781 Hes.
1868 2727 2069 2794 Theog.
2083 2727 2196 2781 878

75 2811 207 2862 κατὰ
248 2816 398 2878 γαῖαν
437 2811 816 2870 ἀνθεμόεσσαν,
859 2806 1056 2861 deinde
1094 2809 1146 2860 B
1183 2807 1289 2862 695
1329 2809 1381 2862 h.
1401 2808 1537 2863 Ven.
1566 2809 1669 2863 170
1706 2808 1835 2861 Hes.
1862 2807 2017 2875 frgm.
2051 2807 2129 2860 16.

250 2891 403 2958 frgm.
432 2891 519 2958 37,
542 2891 577 2942 4
616 2892 820 2959 φίλον
857 2891 1012 2958 χέρ’.
1075 2887 1424 2943 Adiectivum
1463 2892 1615 2959 φίλος
1651 2889 1902 2960 partibus
1954 2888 2194 2956 corporis

73 2971 307 3024 humani
346 2970 495 3041 apud
519 2971 821 3024 Homerum
861 2972 1179 3040 ceterosque
1206 2970 1470 3042 imprimis
1499 2971 1681 3040 epicos
1707 2971 1902 3039 poetas
1928 2985 2195 3038 persaepe

76 3051 373 3122 apponitur
421 3052 480 3106 vi
518 3051 810 3105 debilitata
846 3051 943 3119 ita,
998 3052 1060 3104 ut
1096 3068 1396 3122 pronomen
1435 3051 1814 3122 possessivum
1863 3048 2195 3102 reflexivum

76 3132 343 3186 substitui
404 3132 607 3202 possit3
665 3134 835 3202 atque
887 3131 959 3185 ad
1006 3134 1117 3202 χείρ
1169 3132 1389 3204 quidem
1441 3131 1587 3202 apud
1637 3130 1936 3183 Homerum
1985 3130 2054 3181 H
2087 3128 2194 3182 130

74 3213 253 3267 Ρ62Ο
302 3212 480 3266 Ῡ479
518 3215 547 3265 λ
574 3213 676 3266 211
719 3234 762 3281 μ
788 3212 891 3266 331
934 3234 976 3282 φ
1000 3212 1108 3267 433
1157 3214 1316 3281 Ψ99,
1365 3214 1653 3283 praeterea
1692 3209 1762 3264 ad
1809 3216 1925 3278 γυῖα
1965 3211 2193 3278 γούνατα

75 3296 262 3364 λαιμός
299 3295 478 3363 θυμός
515 3294 644 3362 ἦτορ
684 3293 808 3348 alia.

253 3376 406 3444 frgm.
446 3374 586 3442 51,1
636 3377 1044 3444 πορφυρέας
1081 3378 1254 3435 ἁλός.
1330 3373 1644 3443 Purpureus
1696 3370 1842 3424 color
1890 3371 2030 3424 mari
2078 3371 2190 3425 iam

76 3456 135 3509 in
186 3455 521 3510 carminibus
574 3455 741 3525 epicis
792 3473 1055 3527 persaepe
1106 3455 1441 3511 attribuitur.
1519 3451 1727 3505 Eadem
1777 3450 1980 3505 locutio
2021 3454 2191 3523 atque

72 3535 227 3607 apud
266 3535 602 3590 Simonidem
649 3537 837 3590 exstat
879 3537 947 3589 Π
975 3537 1080 3592 391
1134 3540 1187 3597 ἒς
1240 3539 1286 3590 δ’
1331 3537 1427 3587 ἅλα
1478 3535 1803 3606 πορφυρέην,
1857 3531 2051 3586 deinde
2103 3550 2191 3604 ap.

77 3616 324 3671 Alcman.
364 3618 424 3671 fr.
464 3617 551 3686 60,
575 3616 608 3669 5
661 3618 716 3670 ἓν
764 3619 972 3685 βένθεσι
1008 3620 1318 3688 πορφυρέας
1357 3615 1480 3673 ἁλός
1532 3613 1751 3667 Semon.
1788 3613 2005 3681 Amorg.
2050 3613 2191 3682 1,16

0 3706 2 3784 ᾇ
79 3695 260 3768 Eurip.
298 3699 452 3767 frgm.
486 3698 610 3752 882.

257 3816 290 3873 θ)
322 3817 391 3862 ed.
424 3815 604 3862 Gemoll
638 3814 764 3859 1886.
