2450 4146
1157 227 1527 282 -66-

275 383 333 435 et
370 382 427 434 in
466 376 836 433 locutionibus
877 375 1287 430 conformandis
1334 378 1392 430 et
1428 374 1487 429 in
1526 375 1759 444 singulis
1798 375 2087 431 vocabulis
2128 373 2410 445 eligendis.

275 461 457 516 Vertit
508 459 654 512 enim
706 459 762 511 in
815 474 976 510 usum
1020 473 1186 511 suum
1225 473 1255 510 e
1296 455 1553 511 carminis
1591 455 1747 511 heroi
1785 473 2039 511 sermone
2079 455 2260 511 multa
2295 473 2411 512 non

276 543 455 597 solum
494 537 892 611 posterioribus
918 537 1262 609 temporibus
1288 538 1347 591 in
1373 537 1525 591 omni
1551 536 1808 592 dictionis
1834 554 2034 607 genere
2059 537 2407 609 pervulgata,

276 639 468 678 verum
508 620 678 674 etiam
730 619 938 673 rariora
991 618 1137 673 sicut
1174 618 1441 690 imprimis
1481 620 1717 689 ὀασπλής
1755 621 1960 686 ἀωτέω,
2014 619 2216 691 quibus
2253 618 2407 675 nullo

274 703 498 772 negotio
564 700 766 755 addere
825 700 1032 771 poteris
1097 699 1211 754 alia
1260 698 1438 754 veluti
1502 702 1634 771 ἀήτα
1687 702 1996 771 ὀρυμαγδός
2045 703 2411 772 ἀνεμοτρεφής

276 785 643 853 ἐννοσίφυλλος
680 784 1014 851 πολύβοτρυς
1047 785 1265 851 αἴνυμαι
1297 784 1544 851 κνώσσω,
1586 781 1732 836 ultro
1778 782 2149 837 reconditiora
2190 781 2412 837 videtur

273 865 601 937 repitivisse,
624 881 769 935 quae
790 881 916 918 cum
937 866 1248 934 usurparet,
1269 862 1499 917 dubium
1521 867 1609 918 est
1629 881 1702 918 an
1724 880 1760 917 a
1776 866 1933 919 recta
1950 863 2411 936 interpretatione

272 945 551 1001 interdum
604 945 964 1013 aberraverit,
1019 944 1111 999 cfr.
1153 945 1225 1000 ad
1263 947 1474 1015 ἤὸυμος
1514 947 1573 999 et
1608 947 1963 1015 ,ιιεταμώνιος;
2016 943 2215 1000 deinde
2254 944 2413 1016 epica

273 1028 526 1082 imitatus
566 1044 970 1099 nonnunquam
1003 1030 1197 1081 tamen
1222 1026 1401 1081 forma
1426 1025 1734 1098 paullulum
1763 1024 1830 1080 de
1856 1026 2133 1081 industria
2155 1025 2409 1094 novavit,

272 1108 380 1163 vid.
426 1107 499 1163 ad
537 1110 826 1168 ἀπέλαστος
865 1110 1177 1178 ὃακέθυμος
1214 1107 1331 1179 (pro
1378 1108 1532 1180 epico
1575 1107 1920 1180 θυμοδακής)
1962 1110 2268 1179 ὂολομήόης
2306 1109 2409 1176 ἐρί-

271 1193 468 1251 θαλλος
519 1192 774 1261 εὗρυέὸης
823 1193 1207 1260 τανυπτέρυγος
1252 1192 1574 1260 χλωραύχην
1625 1189 1910 1261 (lusciniae
1963 1189 2272 1262 epithetum
2310 1206 2408 1261 pro

274 1272 563 1327 Homerico
601 1274 851 1345 χλωρηῒς)
891 1274 1094 1335 ξανθὸν
1130 1274 1247 1342 μέλι
1285 1272 1424 1340 (loco
1465 1271 1603 1344 epici
1640 1273 1758 1341 μέλι
1795 1272 2043 1341 χλωρόν).

450 1354 617 1408 Porro
664 1354 865 1426 lyriciS,
920 1355 1014 1425 qui
1054 1357 1187 1409 ante
1228 1371 1357 1408 eum
1394 1354 1721 1422 floruerunt,
1776 1352 2048 1407 nonnulla
2085 1350 2274 1422 debet;
2323 1352 2412 1406 in-

272 1436 532 1491 venimus
553 1434 773 1508 quidem
794 1435 1131 1491 locutionem
1157 1438 1351 1506 κωτίλη
1374 1437 1599 1506 χελιδών
1626 1439 1681 1489 et
1710 1434 2022 1506 epithetum
2045 1435 2415 1504 χρυσόπεπλος

273 1517 345 1573 ab
371 1518 742 1588 Anacreonte,
783 1520 1097 1587 κενεόφρων
1136 1535 1172 1572 a
1197 1516 1517 1586 Theognide
1557 1519 1886 1588 occupatum
1927 1514 2203 1587 (conferas
2241 1519 2413 1570 etiam

271 1598 335 1655 fr.
374 1598 450 1655 74
487 1601 670 1669 ἄγγελε
709 1645 720 1656 .
763 1642 774 1653 .
817 1642 828 1653 .
868 1603 1027 1670 ἔαρος
1066 1616 1193 1654 cum
1232 1598 1493 1671 Sapphus
1532 1598 1643 1670 39).

450 1681 566 1736 Nec
603 1698 736 1736 vero
777 1682 1056 1752 quaedam
1094 1680 1279 1753 lyricis
1317 1680 1499 1752 poetis
1539 1680 1764 1735 omnino
1805 1679 2026 1751 propria
2051 1677 2201 1751 apud
2227 1677 2411 1733 Simo-

272 1763 459 1818 nidem
497 1761 899 1831 desiderantur,
935 1762 1055 1818 dico
1093 1763 1388 1834 praecipue
1429 1762 1678 1834 epitheta
1702 1761 2018 1834 praeposito
2057 1763 2134 1815 ἰο-
2172 1760 2414 1829 insignia

274 1847 333 1900 et
371 1843 651 1899 adiectiva
689 1846 1000 1917 composita
1035 1844 1314 1900 interfixis
1351 1844 1551 1899 litteris
1593 1865 1695 1898 -σι-
1734 1844 2025 1898 instructa.

453 1926 600 1981 Sunt
657 1926 828 1981 etiam
880 1943 1024 1998 quae
1075 1926 1223 1999 apud
1263 1924 1601 1981 Simonidem
1654 1924 2094 1995 significationes
2130 1921 2414 1978 induerint

275 2011 447 2064 antea
494 2010 735 2080 ignotaS,
790 2007 988 2063 deinde
1039 2008 1223 2081 lyricis
1274 2008 1366 2063 vel
1415 2008 1658 2062 maxime
1705 2011 1807 2062 aut
1844 2006 2068 2076 tragicis
2106 2004 2412 2077 peculiares

274 2091 453 2145 veluti
490 2093 761 2161 βλέφαρον
798 2092 1004 2161 κόσμος
1042 2092 1233 2151 ἀέναος
1268 2092 1432 2161 νέμω.

452 2171 751 2227 Praeterea
800 2173 858 2226 in
908 2175 1081 2247 poeta
1118 2171 1227 2227 Ceo
1278 2188 1392 2227 non
1443 2170 1767 2226 mirabimur
1811 2169 1958 2242 quod
1997 2167 2278 2224 vocabula
2315 2166 2412 2224 de-

275 2253 668 2326 prehendimus
707 2254 914 2324 Ionica3
954 2271 983 2309 e
1024 2254 1227 2326 quibus
1264 2256 1454 2309 tamen
1495 2270 1565 2308 ne
1604 2269 1779 2307 unum
1819 2250 2042 2324 quidem
2078 2250 2412 2320 invenimus,
2447 2287 2450 2297 -

277 2335 412 2407 quin
451 2334 599 2406 apud
628 2338 838 2390 ceteros
865 2340 1063 2406 poetas
1102 2352 1344 2408 usquam
1368 2335 1607 2406 legatur;
1648 2333 1755 2389 vid.
1785 2335 2131 2404 δυσφροσύνα
2162 2334 2413 2404 μεληὸών
2447 2359 2450 2365 ·

273 2422 489 2487 μνᾶστις
527 2418 831 2478 ξεινοδόκος
868 2420 1086 2478 πίσυνος
1126 2419 1341 2488 δίζημαι
1377 2419 1589 2487 ἔσοράω
1628 2419 1846 2486 στυγέω.

456 2498 656 2553 Restat
688 2498 891 2567 exigua
919 2516 1108 2553 eorum
1134 2498 1533 2554 vocabulorum
1559 2499 1732 2571 copia,
1776 2514 1921 2570 quae
1947 2497 2021 2552 ab
2048 2497 2216 2570 epicis
2240 2495 2409 2568 plane

250 2578 464 2647 ‚aliena
522 2578 671 2651 apud
723 2580 939 2634 Atticos
1002 2581 1225 2635 demum
1276 2580 1718 2654 frequentantur,
1779 2580 1869 2635 cfr.
1921 2578 2188 2651 imprimis
2236 2579 2450 2649 ψόγοςε

276 2663 466 2733 μωρός
502 2663 698 2731 θραύω
737 2663 953 2724 κωλύω,
995 2661 1272 2718 adiectiva
1309 2663 1369 2717 in
1408 2664 1530 2718 δυσ·
1556 2705 1568 2716 .
1596 2704 1608 2716 .
1636 2683 1763 2722 -τος,
2449 2659 2450 2662 “

455 2743 744 2798 Postremo
783 2742 903 2797 loco
943 2744 1049 2798 hoc
1081 2762 1256 2798 unum
1283 2760 1792 2813 commemoremuS,
1834 2745 2034 2814 poetas
2058 2743 2202 2797 natu
2229 2740 2410 2797 Simo-

278 2825 406 2881 nide
444 2824 685 2880 minores
725 2823 863 2879 alios
903 2824 1043 2879 alias
1082 2827 1343 2895 praebere
1382 2825 1689 2881 locutiones
1728 2825 1801 2879 ab
1839 2824 1934 2879 illo
1973 2823 2135 2880 nobis
2172 2823 2411 2896 primum
2448 2874 2450 2876 .

279 2910 561 2974 servat-5183
601 2905 695 2960 cfr.
732 2905 797 2961 fr.
834 2905 888 2975 4,
917 2907 951 2961 5
989 2908 1354 2977 πανδαμάτωρ
1393 2909 1587 2978 χρόνος
1655 2907 1798 2976 5,11
1841 2909 2117 2977 ἀμάχανος
2154 2906 2410 2975 συμφορά
2446 2907 2450 2925 ³

279 2989 425 3058 5,16
477 2991 745 3058 ἄπρακτος
795 2989 936 3048 ἐλπίς
1011 2987 1098 3055 36,
1122 2987 1155 3041 3
1208 2991 1488 3050 ἀκίνδυνος
1536 2992 1652 3060 βίος
1728 2988 1870 3057 37,1
1912 2991 2111 3058 λάρναξ
2162 2987 2409 3042 ὂαιόαλέα

278 3033 367 3140 46,
385 3071 418 3126 3
439 3071 719 3141 καλλιβόας
735 3072 894 3131 αὐλός
932 3071 1020 3137 71,
1037 3069 1071 3124 3
1093 3071 1326 3133 ζαλωτὸς
1346 3074 1479 3126 αἰών
1519 3073 1642 3141 74,1
1661 3073 1757 3139 ἔαρ
1778 3072 2056 3140 ἆὸύοὸμον
2107 3067 2214 3123 231
2235 3070 2407 3137 dolor·

280 3174 446 3223 αρχος
486 3154 622 3212 Ζεύς
678 3151 789 3207 250
814 3154 1046 3223 φύξιμος
1084 3152 1225 3221 ὀδμή
1282 3151 1333 3218 4,
1354 3155 1386 3206 5
1414 3155 1608 3223 χρόνος
1645 3154 1905 3223 ἀμαυροῖς
1957 3168 2098 3223 quas
2150 3152 2338 3205 utrum
2378 3166 2450 3204 e

282 3232 563 3289 Simonide
591 3233 1030 3307 deprompserint
1055 3249 1129 3287 an
1155 3248 1224 3286 ex
1252 3232 1392 3286 alius
1420 3242 1620 3306 poetae
1644 3233 1765 3289 loco
1794 3232 2008 3305 perdito
2035 3249 2110 3288 an
2136 3248 2168 3287 e
2191 3228 2410 3298 vulgari
2442 3245 2450 3278 ³

282 3332 405 3382 usu,
445 3332 542 3387 pro
584 3317 732 3371 certo
774 3314 1059 3370 diiudicari
1095 3312 1416 3386 plerumque
1455 3316 1663 3389 nequit.
2438 3282 2450 3408 ἐ
