2450 4146
1133 237 1504 291 -52-

257 390 555 461 singularis
613 405 709 460 pro
763 385 1027 441 adverbio
1084 401 1267 456 neque
1319 384 1459 456 epici
1473 384 1540 455 ⁴⁴)
1597 384 1853 456 posuisse
1903 385 2167 440 videntur
2215 400 2398 457 neque

256 473 412 545 lyrici
427 472 511 544 ⁴⁶),
553 469 647 541 qui
692 470 827 522 ante
867 464 1206 522 Simonidem
1244 465 1572 534 floruerunt,
1624 481 1965 538 quamquam
2002 467 2261 536 πρότερος
2297 465 2399 521 ad-

257 554 522 609 iectivum
576 550 962 620 frequentant3
1022 546 1221 602 deinde
1274 544 1601 601 adverbium
1655 546 1806 618 apud
1855 546 2159 602 Pindarum
2210 548 2401 602 exstat

258 635 338 691 Ol.
376 632 516 701 XIII,
539 632 608 686 31
649 631 786 702 (var.
825 629 949 685 lect.
990 628 1098 701 -ος)
1180 627 1344 700 Pyth.
1372 626 1464 696 IV,
1486 628 1558 682 25
1598 626 1689 698 VI,
1712 627 1787 682 28
1862 627 2054 685 Isthm.
2079 627 2132 681 V
2169 626 2305 700 (IV),
2327 627 2398 683 37

259 718 319 770 et
356 712 504 786 apud
542 709 935 783 Bacchylidem
971 709 1088 779 XII,
1113 708 1222 765 164
1266 709 1571 781 paucisque
1609 707 1745 764 locis
1785 709 2135 779 tragicorum,
2188 707 2401 782 passim

258 796 316 851 in
357 794 543 850 soluta
581 793 833 848 oratione
873 793 932 846 et
971 789 1120 863 apud
1159 790 1411 846 comicos,
1449 790 1594 863 —⁴⁶)

435 955 638 1028 Apud
678 954 908 1010 solum
934 952 1375 1010 Simonidem
1413 952 1902 1008 inveniuntur
1925 970 2143 1009 voces
2170 952 2401 1025 epicis

257 1038 450 1094 affin
466 1056 495 1092 e
513 1056 539 1092 s
578 1037 618 1092 h
633 1055 669 1092 a
682 1055 739 1092 e:

436 1121 963 1190 ἀνεπιόόκητος.
1039 1118 1100 1173 fr.
1140 1116 1230 1189 62,
1259 1117 1293 1171 2
1345 1119 1446 1171 οὐκ
1499 1119 1634 1171 ἔστιν
1683 1117 1857 1171 κακὸν
1894 1118 2271 1187 ἀνεκιόόκητον
2308 1117 2400 1170 ἀν-

255 1204 516 1272 θρώποις.
556 1201 644 1256 Ab
672 1202 955 1255 Ἶπιόοκᾶν
974 1198 1197 1255 videtur
1223 1216 1347 1254 esse
1374 1197 1758 1267 derivandum,
1787 1198 1946 1254 cuius
1971 1198 2128 1254 verbi
2153 1199 2402 1254 ceterum

258 1283 472 1338 nullam
510 1283 827 1338 invenimus
854 1281 1104 1337 formam.
1168 1281 1250 1336 De
1278 1281 1512 1349 ratione,
1552 1297 1698 1352 quae
1737 1278 2033 1336 intercedit
2056 1279 2203 1336 inter
2227 1278 2403 1335 verba

257 1366 473 1420 δοκάειν
512 1366 716 1420 δοκέειν
755 1366 1008 1426 ὸοκεύειν,
1047 1361 1303 1418 conferas
1341 1362 1397 1417 L.
1436 1362 1625 1435 Meyer
1662 1362 1694 1416 l.
1723 1379 1766 1417 c.
1805 1360 1913 1417 vol.
1939 1361 2013 1416 111
2050 1379 2101 1434 p.
2129 1361 2251 1418 190.

438 1448 653 1501 ἀπέλα
669 1468 783 1501 στο
798 1468 838 1507 ς.
896 1445 960 1500 fr.
988 1446 1076 1512 29,
1100 1447 1131 1499 1
1162 1446 1453 1500 ἀπέλαστον
1478 1447 1653 1499 ἵππον.
1714 1443 2013 1499 Simonidis
2040 1442 2224 1499 locum
2249 1441 2404 1498 haud

255 1528 373 1583 scio
414 1545 489 1583 an
526 1528 789 1600 respiciat
825 1526 1160 1600 Hesychius:
1202 1528 1493 1581 ἀπέλαστον
1532 1542 1544 1554 ·
1585 1527 1882 1595 ἀπρόσιτον.
1943 1524 2164 1597 Reliqui
2200 1526 2402 1598 poetae

254 1610 388 1665 inde
427 1610 501 1665 ab
541 1608 784 1665 Hesiodo
822 1608 1038 1664 habent
1075 1611 1305 1680 ἄπλητος
1344 1611 1402 1663 et
1440 1609 1715 1668 ἄπλαστος.

441 1693 861 1763 ὄολομήὸης.
937 1690 1001 1746 fr.
1040 1690 1193 1762 43,1
1248 1693 1441 1761 σχέτλιε
1492 1696 1593 1744 παῖ
1639 1690 1938 1760 ὄολόμηὸες
1952 1689 2024 1761 ⁴⁷)
2067 1689 2402 1759 Ἀφροδίτας.

255 1772 564 1829 Sollemnia
603 1777 738 1828 sunt
777 1775 1075 1844 ὅολομήτης
1113 1775 1172 1828 et
1211 1774 1491 1843 δολόμητις
1530 1770 1658 1826 inde
1698 1771 1771 1826 ab
1811 1770 2069 1836 Homero,
2110 1769 2205 1826 cfr.
2242 1768 2402 1826 Hom.

259 1858 312 1909 A
340 1855 450 1911 540
487 1855 539 1911 h.
567 1855 728 1910 Merc.
754 1855 865 1911 405
904 1858 962 1910 et
987 1876 1022 1909 α
1050 1854 1159 1910 300
1198 1875 1229 1924 γ
1260 1854 1366 1909 198
1386 1898 1397 1909 .
1420 1854 1530 1908 250
1551 1895 1563 1908 .
1585 1853 1695 1908 308
1735 1855 1767 1908 ὁ
1795 1854 1904 1908 525
1943 1855 1973 1907 λ
1997 1852 2107 1908 422
2146 1850 2403 1924 Aeschyl.

261 1938 409 1993 Pers,
437 1937 531 2007 93;
572 1939 880 2008 ὂολομήόης
917 1954 1199 2009 nusquam
1237 1938 1459 2008 praeter
1497 1936 1647 1991 hunc
1671 1934 1857 1991 locum
1897 1936 1985 1990 est
2010 1933 2282 1990 traditum
2317 1932 2403 2005 (at

257 2019 598 2074 conferenda
649 2021 783 2076 sunt
829 2019 986 2091 epica·
1030 2039 1203 2081 πυκι-,
1254 2019 1601 2088 κακο-μήόης
1653 2019 1713 2071 et
1749 2016 1982 2071 nomina
2018 2017 2240 2089 propria
2275 2015 2403 2077 Εὕ-,

270 2101 499 2171 Θρασυ-,
538 2102 922 2172 Κλυτο-μήόης
961 2099 1120 2173 alia);
1160 2101 1459 2170 ὃολιόμητις
1497 2098 1606 2154 vid.
1647 2117 1733 2170 ap.
1775 2097 2033 2170 Aeschyl.
2062 2097 2252 2170 Suppl.
2278 2096 2403 2153 749.

444 2185 824 2252 ἑρίθαλλος.
882 2183 943 2237 fr.
971 2181 1111 2251 54,2
1149 2183 1335 2252 πρινὸς
1374 2225 1385 2236 .
1427 2223 1438 2236 .
1478 2222 1491 2236 .
1530 2182 1828 2251 ἐριθάλλου.
1888 2179 2053 2235 Solus
2093 2178 2404 2235 Simonides

262 2262 370 2320 hoc
421 2265 787 2335 compositum
841 2263 1092 2319 servavit
1149 2262 1223 2318 ad
1273 2263 1553 2336 epicorum
1619 2261 1935 2335 exemplum
1993 2260 2403 2317 conformatum

442 2419 497 2477 ⁴⁴)
528 2433 628 2465 var.
659 2419 766 2465 lect.
798 2420 933 2464 Hom.
966 2419 1005 2462 Ξ
1028 2418 1118 2465 467
1179 2418 1370 2465 Hesiod.
1401 2419 1519 2478 Opp.
1548 2417 1639 2464 '708
1698 2418 1829 2464 Scut.
1861 2417 1993 2463 Herc.
2023 2416 2127 2463 349.

442 2487 497 2545 ⁴⁶)
530 2486 704 2533 etenim
744 2483 964 2544 πρότερον
1002 2500 1086 2545 pro
1129 2486 1366 2533 adiectivo
1415 2490 1488 2531 est
1528 2484 1797 2531 habendum
1835 2483 1994 2530 Aleae.
2024 2483 2086 2529 44
2125 2481 2404 2543 Xenophon.

266 2554 384 2614 ⁰¹⁰⁸·
415 2550 1651 2679 ¹22,⁵i2.2¹3¹3.¹5.’2.2‘23.¹1¹.Bizffiz‘zfflflffiae.
1659 2550 1789 2676 ,3Σέ
1798 2550 2213 2675 ἐῗὲῗῗὲριη...
2244 2615 2404 2662 aba.

266 2688 330 2734 ad
348 2688 485 2734 Hom.
505 2689 547 2731 Ω
565 2686 656 2732 228
677 2684 960 2745 Ἀρίσταρχος
990 2682 1038 2729 δέ
1069 2702 1174 2742 φησι
1203 2688 1284 2741 τὴν
1313 2683 1503 2745 κιβωτὸν
1530 2682 1649 2739 λέξιν
1676 2675 1896 2743 νεωτέραν
1924 2681 2050 2737 εἶναι,
2080 2682 2229 2742 ἀγνοοῖ
2255 2679 2305 2727 δὲ
2333 2680 2406 2727 ὅτι

260 2756 343 2799 καὶ
372 2750 622 2812 Σιμωνίδης
659 2755 735 2797 καὶ
757 2751 987 2799 Ἑκαταῖος
1021 2754 1242 2808 μέμνηται
1282 2753 1424 2809 αὑτῆς.
1485 2752 1668 2798 Deinde
1706 2749 1892 2810 κιβωτός
1930 2751 2102 2810 legitur
2130 2763 2206 2810 ap.
2236 2749 2405 2810 Eupol.

267 2821 324 2867 ir.
355 2821 457 2876 228,
475 2821 505 2866 4
549 2818 789 2880 Aristoph.
812 2819 927 2879 Equ.
947 2817 1064 2865 loeO
1110 2819 1398 2878 Vesp.1056.
1443 2816 1649 2878 κιβώτιον
1695 2832 1770 2877 ap.
1802 2818 2003 2863 eundem
2033 2818 2160 2864 Plut.
2180 2815 2404 2863 711.712

270 2888 393 2935 alibi.
425 2913 482 2923 —
514 2886 571 2933 fr.
593 2886 682 2932 242
711 2884 967 2946 κύπειρος
996 2884 1210 2930 seminini
1242 2886 1425 2944 generis
1458 2888 1531 2933 est
1560 2885 1608 2931 in
1630 2883 1855 2943 Hesychii
1875 2884 2162 2943 glossemate
2183 2882 2405 2929 Simmiae

266 2956 459 3008 tributo,
483 2955 609 3015 quod
632 2953 859 3012 Bergkius
878 2957 1039 2998 tamen
1062 2951 1289 2997 Simonidi
1312 2953 1535 3000 vindicat.
1582 2952 1811 2998 Homerus
1833 2951 2022 3011 quidem
2044 2953 2213 2996 neutro
2233 2961 2406 3008 genere

270 3023 419 3067 utitur
438 3024 481 3064 Φ
501 3021 586 3067 351
621 3017 650 3065 ὃ
665 3019 769 3075 603,
801 3019 964 3079 hymni
985 3017 1124 3064 Merc.
1147 3022 1314 3064 auctor
1335 3020 1592 3066 masculino
1612 3034 1657 3065 v.
1683 3017 1781 3065 107.
1805 3044 1860 3051 —
1882 3018 1940 3063 fr.
1961 3018 2048 3063 231
2071 3016 2405 3076 ἀρίσταρχον

273 3089 431 3133 Iovem
463 3088 734 3147 appellavit.
796 3085 1016 3132 Imitatus
1046 3088 1122 3131 est
1151 3084 1462 3144 Bacchylides
1492 3086 1667 3142 xn‚58
1696 3084 1959 3145 ἀριστάρχου
1990 3082 2106 3131 Διός.
2137 3108 2195 3118 -—
2226 3083 2284 3130 tr.
2313 3082 2404 3129 218

269 3151 724 3214 δαμασίμβροτον
755 3153 873 3199 dixit
903 3153 1138 3212 Spartam,
1172 3150 1264 3196 vid.
1298 3166 1419 3211 supr.
1452 3167 1496 3212 p.
1519 3153 1592 3199 25.
1624 3177 1682 3187 -
1713 3152 1769 3199 fr.
1801 3152 1892 3197 232
1922 3148 2287 3208 δαμασίφωτα
2324 3147 2404 3193 τὸν

269 3220 409 3265 ὕπνον
453 3219 583 3277 εἶπεν,
626 3221 718 3268 vid.
761 3234 888 3281 supr.
930 3218 1042 3265 ibid.
1103 3217 1230 3264 Idem
1272 3218 1534 3276 epithetum
1576 3233 1723 3279 nuper
1762 3218 2155 3264 Wilamowitzius
2194 3215 2405 3263 restituit

273 3287 537 3343 Timotheo,
570 3288 653 3335 cfr.
686 3289 811 3335 Pers.
843 3301 888 3332 v.
911 3285 971 3331 22
1001 3282 1274 3344 δαμΙασίφως
1293 3282 1450 3344 ”Αρης].
1483 3313 1540 3320 -
1571 3286 1629 3334 fr.
1660 3286 1751 3332 246
1786 3284 2082 3330 οὐατόεντα
2113 3282 2276 3341 ηὗρον
2303 3281 2402 3340 ἔφη.

275 3354 495 3399 Similiter
535 3355 806 3401 Antimach.
838 3352 1032 3413 Coloph.
1073 3351 1132 3398 ir.
1161 3350 1218 3396 el
1261 3350 1461 3409 (Kinkel)
1501 3350 1784 3413 καλαύροπα
1825 3353 2098 3399 οὖατοέσσας.
2127 3373 2187 3385 -
2224 3348 2280 3394 fr.
2312 3348 2403 3395 203

274 3418 854 3478 πεντηκοντακέφαλον
884 3420 998 3466 dicit
1017 3418 1244 3479 Hydram
1277 3417 1360 3462 cfr.
1383 3418 1513 3465 Pind.
1543 3421 1598 3466 fr.
1619 3420 1692 3475 93,
1709 3420 1753 3474 4,
1786 3420 1866 3466 ubi
1898 3419 2020 3465 idem
2049 3415 2279 3477 praebent
2297 3415 2401 3462 libri

277 3482 516 3541 Typhonis
547 3490 927 3545 cognomentum,
969 3481 1374 3541 ὰατονταιιάρανον
1406 3485 1711 3533 Hermannus.
1743 3512 1800 3520 —
1831 3486 1889 3532 fr.
1920 3485 2011 3531 242
2049 3482 2124 3541 (de
2153 3480 2246 3527 hoc
2274 3481 2401 3541 frag-

279 3554 436 3595 mento
469 3554 560 3599 vid.
593 3554 653 3598 ad
684 3553 884 3612 κύπειρος
914 3553 1068 3613 supra)
1108 3548 1348 3596 πτωιιάς.
1405 3550 1633 3599 Homerus
1674 3553 1812 3613 ponit
1850 3549 1979 3604 πτὼξ
2016 3547 2298 3595 adieotivum
2338 3548 2402 3596 ad

281 3612 478 3671 leporem
510 3620 654 3665 semel
674 3621 726 3662 X
741 3619 843 3665 310.
866 3644 922 3652 -
944 3619 1001 3667 fr.
1021 3617 1107 3665 211
1139 3616 1572 3675 ἀπροφασίστως.
1626 3619 1755 3666 Idem
1786 3616 2059 3665 adverbium
2087 3626 2163 3672 ap.
2183 3613 2398 3675 Xenoph.

281 3679 432 3788 211⁸ng
453 3682 506 3789 11i
524 3685 565 3737 ss,
587 3685 643 3730 10
686 3685 800 3730 Inst.
822 3685 925 3743 Cyr.
948 3686 1002 3740 ΙΙ,
1018 3684 1107 3742 3,8
1135 3682 1268 3737 alios,
1300 3683 1588 3730 adieetivum
1620 3699 1696 3745 ap.
1715 3685 1871 3742 Eurip-
1893 3678 2066 3729 Bacch.
2091 3678 2207 3726 1002
2250 3680 2399 3728 Thuc.

347 3777 357 3796 ‚
462 3760 492 3790 a
509 3748 567 3792 ib.
2186 3792 2189 3793 γ

458 3810 512 3866 ⁴⁷)
544 3813 683 3860 lectio
715 3816 876 3859 tamen
908 3817 1060 3873 dubia,
1091 3814 1182 3862 vid.
1214 3814 1352 3862 indic.
